3192 5342
1250 510 1328 581 373

137 678 332 763 incorporare
348 699 384 744 ac
401 684 563 745 annectere
578 687 768 764 procuraret,
785 683 828 746 lta
846 683 927 768 quod
943 683 1072 747 cedente
1096 682 1146 748 uel
1163 684 1334 748 decedente

137 783 269 850 [tectore
285 786 381 872 ipsius
398 785 542 863 ecclesie,
560 788 610 872 qui
627 792 698 854 tunc
715 796 792 863 erat,
811 790 859 855 uel
877 789 1038 855 ecclesiam
1055 792 1150 874 ipsam
1167 792 1243 855 alias
1260 812 1334 877 quo·

138 891 305 958 modolibet
320 895 491 961 dimittente
506 896 614 960 liceret
631 896 722 961 dictis
737 897 846 963 Abbati
864 904 895 963 et
912 897 1075 972 Conuenti,
1092 900 1219 965 eandem
1235 901 1338 966 eccle·

139 1003 215 1065 siam
240 1000 337 1066 libere
360 1003 589 1089 apprehendere
606 1011 638 1068 et
660 1004 742 1069 licite
757 1007 909 1078 retinere,
936 1013 966 1071 et
992 1007 1071 1091 qnod
1097 1006 1174 1071 bone
1196 1009 1341 1072 memorie

137 1113 289 1177 ⁴‘ilbertus
305 1110 472 1197 Episcopus
488 1113 702 1187 Patcoiensie,
719 1120 875 1200 postquam
892 1136 984 1199 super
1001 1116 1156 1198 premissis
1171 1116 1252 1180 iuxta
1269 1115 1337 1180 dic·

138 1228 237 1286 tarum
268 1220 434 1286 litterarum
457 1224 567 1286 seriem
592 1223 767 1307 diligentius
785 1225 964 1309 inquisierat
980 1245 1074 1311 eaque
1091 1226 1248 1289 inuenerat
1272 1226 1338 1291 iore

138 1351 224 1402 uera,
240 1330 350 1395 dictam
367 1332 540 1403 ecclesiam,
558 1332 643 1395 cuius
661 1331 865 1416 Quadraginta
881 1333 1063 1400 tloreoorum
1079 1334 1143 1397 auri
1160 1352 1227 1397 cunr
1244 1334 1339 1397 omni·

136 1440 193 1504 bus
210 1438 325 1504 iuribus
342 1444 373 1505 et
387 1440 580 1526 pertinentiis
603 1441 667 1505 suis
695 1441 795 1506 eidem
813 1440 1017 1515 blonasterio,
1044 1442 1130 1505 cuius
1155 1440 1282 1506 Centum
1306 1448 1338 1507 et

137 1547 344 1631 Quadraginta
360 1547 551 1612 diarcharum
568 1551 687 1632 argenti
704 1550 822 1614 tructus
839 1550 976 1614 redditus
993 1554 1025 1614 et
1041 1560 1207 1633 prouentus
1223 1569 1338 1615 secun·

140 1655 212 1720 dum
237 1675 422 1720 communem
449 1656 690 1722 exstimatiouem
713 1657 845 1722 ualerem
868 1678 1018 1731 aunuum,
1042 1665 1074 1721 nt
1095 1658 1255 1730 asseritur,
1279 1678 1337 1722 non

139 1758 306 1838 excedunt,
329 1764 531 1848 predictarum
555 1765 721 1830 litterarum
744 1766 880 1848 uigorem
903 1768 1000 1837 etiam¹
1014 1785 1070 1851 per
1097 1765 1193 1849 ipsius
1215 1766 1340 1831 ailberti

145 1871 291 1956 Episcopi
309 1876 386 1937 certi
403 1874 519 1938 tenoris
536 1871 654 1938 litteras
670 1882 820 1959 perpetuo
836 1875 946 1947 nninit,
973 1874 1179 1957 incorporauit
1195 1880 1226 1938 et
1242 1893 1336 1938 anne·

138 1980 213 2050 mit,
237 1990 392 2045 reseruata
421 1981 643 2047 nichillominus
672 2004 727 2068 per
754 1983 882 2047 eundem
900 1984 1060 2048 Addet-tom
1087 1982 1271 2066 Episcopum
1298 1980 1338 2046 de

138 2087 311 2153 huiusmodi
329 2088 496 2161 fructibus,
524 2090 692 2157 redditibus
709 2097 740 2155 et
756 2090 955 2174 prouentibos
972 2109 1103 2171 congrua
1126 2090 1266 2174 portione
1283 2107 1338 2174 pro

138 2201 287 2281 perpetuo
304 2197 425 2262 Vicario
442 2199 471 2261 iu
489 2196 569 2261 dicta
587 2198 719 2264 ecclesia
741 2198 944 2271 instituendo,
968 2219 1004 2263 er
1020 2217 1078 2283 qua
1102 2198 1181 2262 idem
1199 2197 1338 2262 vicarius

141 2324 279 2388 congrue
295 2307 467 2377 sustentari,
483 2305 668 2390 episcopalia
690 2309 755 2373 iura
780 2308 899 2372 soluere
921 2314 952 2370 et
974 2306 1032 2370 alia
1055 2305 1114 2370 sibi
1135 2305 1339 2371 incumbentia

140 2433 234 2477 onera
249 2419 429 2497 supportare
445 2414 571 2487 ualeret,
588 2423 678 2500 pront
693 2416 723 2479 in
741 2416 884 2500 Episcopi
900 2415 1094 2486 Por-toeneio,
1111 2419 1182 2478 tnnc
1199 2413 1293 2497 legati
1309 2418 1340 2476 et

140 2521 285 2605 Episcopi
300 2523 505 2588 Potcuieneio
521 2523 728 2606 predictorum
746 2525 854 2589 litteris
871 2524 1000 2607 prelatis
1017 2526 1047 2585 et
1063 2520 1239 2586 eorumdem
1252 2521 1340 2605 sigil-

141 2631 181 2695 lis
209 2630 350 2714 sigillatis
377 2631 488 2694 dicitur
516 2631 634 2714 plenius
663 2633 823 2696 contineri.
860 2632 962 2714 Quare
990 2649 1046 2715 pro
1073 2633 1160 2714 parte
1189 2628 1335 2694 dictorum

136 2738 263 2803 Abbatis
276 2740 486 2803 etConuentus
499 2739 585 2804 nobis
598 2740 749 2805 humiliter
758 2739 1030 2824 iuitsupplicatum,
1048 2742 1090 2809 ut,
1107 2758 1165 2801 non
1182 2735 1335 2810 obstante,

134 2847 217 2933 quod
233 2847 337 2911 littere
352 2848 482 2931 predicti
502 2848 643 2932 Episcopi
656 2849 860 2914 Potouienoie
876 2867 932 2932 per
940 2845 1145 2911 'tabellionem
1155 2845 1338 2931 Subscripte

135 2962 168 3020 et
189 2956 309 3037 signate
325 2975 383 3020 nou
399 2957 525 3027 luerint,
549 2976 615 3021 cunr
637 2958 716 3021 iuxta
739 2955 986 3021 consuetudinem
1011 2956 1109 3040 patrie
1128 2953 1211 3018 illius
1235 2953 1330 3038 priui-

136 3065 219 3146 legia
235 3065 379 3147 Episcopi
394 3065 601 3132 Pctcoicnsis
616 3084 671 3149 pro
686 3073 825 3148 tempore
842 3064 999 3129 existentis
1016 3082 1072 3147 per
1083 3061 1217 3126 notarios
1234 3059 1334 3146 publi·

138 3192 193 3236 cos
210 3171 362 3236 subscribi
379 3177 410 3236 et
425 3174 551 3255 signari,
568 3177 601 3237 ut
615 3172 777 3243 asseritur,
794 3192 853 3235 non
870 3177 1104 3243 consueuerant,
1126 3168 1226 3232 unioni
1243 3188 1338 3232 aone-

135 3282 217 3345 xioni
234 3285 265 3343 et
280 3281 516 3365 incorporationi
532 3279 679 3364 predictis
695 3279 789 3343 robur
806 3278 971 3363 apostolice
988 3279 1138 3343 firmitatis
1154 3278 1278 3342 adicere
1295 3277 1334 3340 de

135 3388 262 3473 speciali
286 3388 383 3470 gratia
406 3388 608 3472 dignaremur.
645 3387 708 3451 Nos
735 3389 838 3472 itaque
865 3386 1035 3452 huiusmodi
1062 3385 1335 3471 supplicationibus

139 3497 275 3561 inclinati
292 3497 474 3560 fraternitati
489 3503 556 3567 tue,
579 3496 618 3561 de
634 3516 691 3581 qua
715 3498 746 3558 in
761 3494 822 3559 biis
839 3500 870 3558 et
887 3495 954 3559 aliis
971 3493 1134 3579 specialem
1162 3495 1192 3556 in
1214 3493 1333 3557 domino

140 3604 280 3670 turcian
303 3603 490 3677 obtinemus,
518 3624 574 3689 per
590 3604 756 3689 apostolica
771 3606 888 3687 scripta
906 3603 1085 3666 comittimus
1102 3608 1133 3664 et
1148 3600 1337 3672 mandamus,

140 3713 294 3797 quatinus,
310 3712 338 3774 si
353 3712 408 3776 tibi
424 3714 607 3786 constiterit,
634 3712 713 3797 quod
736 3710 836 3794 sigilla
860 3711 997 3794 predicta
1020 3709 1172 3775 autentica
1197 3712 1336 3780 existant,

139 3822 296 3892 unionem,
313 3822 486 3884 anexiouem
515 3827 546 3884 et
567 3821 841 3905 incorporationem
857 3818 1009 3904 predictas
1037 3838 1074 3881 ex
1101 3823 1183 3881 certa
1209 3816 1338 3881 scientia

139 3930 322 3993 auctoritate
335 3928 497 4011 apostolica
512 3929 633 3994 deiectu
651 3949 710 3993 non
728 3927 867 3993 obstante
880 3926 1019 4011 predicto
1033 3923 1213 3990 continuare
1226 3943 1338 4007 procu·

136 4042 364 4110 res‚resernata
382 4043 480 4101 tammo
497 4037 535 4102 de
552 4016 722 4102 huiusmodi
739 4035 900 4106 fructibus,
918 4033 1088 4098 redditibus
1098 4038 1128 4096 et
1140 4031 1336 4115 prouentibos

139 4146 235 4228 ipsius
251 4144 394 4219 ecclesie,
411 4148 438 4209 si
453 4146 537 4229 prius
554 4148 706 4228 assignata
724 4163 783 4207 non
799 4143 901 4214 luerit,
924 4161 978 4225 pro
996 4146 1143 4225 perpetuo
1162 4140 1280 4203 Vicario
1306 4138 1337 4201 in

139 4274 173 4316 ea
191 4253 310 4316 domino
328 4254 479 4317 seruitnro
506 4273 641 4336 congrua
665 4254 823 4337 portione,
851 4251 890 4314 de
917 4270 974 4334 qua
1003 4267 1138 4331 congrue
1165 4248 1338 4320 sustentari,

139 4361 325 4445 episcopalia
352 4361 417 4426 iura
434 4362 556 4427 soluere
572 4364 672 4427 ualeat
699 4366 731 4423 et
757 4361 813 4424 alia
841 4359 901 4423 sibi
927 4358 1128 4424 incumbentia
1145 4375 1236 4419 onera
1264 4374 1340 4437 sup-

142 4478 274 4551 portare.
299 4468 407 4534 Datum
431 4470 537 4536 lanae
558 4471 638 4535 viiia
655 4469 801 4535 kalendas
817 4466 916 4541 lunii,
933 4465 1128 4530 Pontificatus
1144 4463 1240 4529 nostri
1256 4464 1340 4526 dono

143 4575 240 4641 Nono.

210 4699 329 4772 original
342 4698 390 4759 aul
397 4701 557 4773 Pergameni
569 4702 615 4761 urit
627 4701 765 4761 Eleibnlle.
