3192 5342
284 458 359 530 lld

278 622 388 690 debilis
403 625 576 697 existerem,
593 642 682 687 sanos
697 627 797 689 lamen
813 629 913 690 mente
925 630 956 690 et
971 624 1048 692 bene
1060 646 1096 691 ac
1111 626 1333 691 rationabiliter
1347 624 1388 689 de
1399 626 1475 687 meis

276 733 363 799 bonis
380 754 398 798 a
413 733 479 797 Deo
492 731 570 796 datis
589 738 620 797 et
638 734 795 798 concessis
811 733 973 818 disponere
984 736 1168 819 potuissem,
1186 733 1273 807 dedi,
1291 733 1427 798 ordinem
1444 740 1475 797 et

276 840 377 924 lagani
397 840 580 905 blonasterio
593 848 706 906 sonate
721 843 832 908 Cnosis
848 842 887 907 dc
901 844 1027 909 commin
1040 849 1072 908 ct
1087 850 1149 907 toto
1159 843 1327 907 Conueutui
1337 841 1474 907 eiusdem

276 950 452 1015 llooasterii
463 948 502 1014 de
515 948 640 1032 dyocesi
653 948 836 1027 Patauiensi‚
849 951 888 1016 de
900 951 1007 1017 urdine
1019 950 1224 1035 Cystercieosi
1240 950 1339 1015 libere
1355 956 1387 1014 et
1398 970 1474 1034 per·

276 1063 369 1143 petuo
385 1060 451 1123 iure
467 1057 667 1141 possidendas
691 1078 772 1122 meas
794 1061 870 1125 duas
888 1061 991 1125 vineas
1007 1062 1173 1144 emptitias,
1198 1079 1257 1144 que
1281 1064 1350 1122 sunt
1365 1058 1425 1121 site
1443 1064 1475 1121 et

274 1167 373 1232 locate
389 1167 420 1229 io
435 1170 540 1231 morato
555 1166 744 1232 Poaono'cnsi
757 1168 917 1253 Houbnep
933 1172 1114 1253 nuncupato,
1131 1188 1198 1232 cum
1216 1166 1296 1230 omni
1312 1167 1395 1241 iure,
1413 1183 1473 1249 quo

275 1294 334 1358 ego
358 1275 439 1358 ipsas
461 1273 563 1346 tenui,
587 1272 678 1339 habui
695 1292 730 1337 oc
745 1274 871 1358 possedi
886 1274 1001 1360 absque
1018 1275 1096 1338 omni
1113 1274 1355 1337 contradictione
1376 1291 1474 1358 voque

276 1402 365 1455 nunc,
382 1402 437 1466 pro
454 1382 511 1446 deo
529 1385 560 1443 et
574 1381 707 1445 remedio
723 1383 821 1446 anime
833 1402 901 1447 mee
913 1389 944 1447 et
959 1382 1137 1466 specialiter
1148 1401 1204 1465 pro
1220 1380 1356 1445 remedio
1372 1380 1475 1442 anime

275 1490 426 1555 karissimi
454 1487 567 1553 domini
598 1489 657 1552 mci
685 1488 797 1553 domini
818 1491 960 1575 Budolfy
986 1491 1134 1575 quondam
1161 1488 1255 1572 Regis
1291 1489 1473 1552 Boeotorum

276 1596 359 1661 clare
375 1594 595 1661 recordationis
609 1616 645 1661 ac
657 1598 747 1662 etiam
761 1617 816 1681 pro
830 1598 962 1661 remedio
976 1599 1139 1661 animarum
1154 1600 1313 1680 parentum
1325 1615 1472 1665 meorum,

273 1703 327 1768 tali
342 1703 487 1768 videlicet
502 1703 673 1770 conditione
688 1706 856 1778 mediante,
879 1704 958 1790 quod
982 1705 1054 1769 dicti
1077 1705 1189 1768 iratres
1210 1701 1339 1786 singulis
1362 1701 1473 1765 diebus

273 1812 410 1895 singulas
432 1809 506 1874 duas
528 1814 636 1876 missas
658 1816 806 1897 perpetue
829 1813 960 1877 debeant
983 1812 1157 1886 celebrare,
1182 1809 1342 1895 inquibus
1366 1807 1472 1873 missis

274 1939 330 2004 pro
345 1940 394 1983 me
409 1922 441 1982 ct
456 1939 511 2002 pro
528 1918 608 1984 dicto
624 1919 743 1984 domino
759 1940 827 1984 meo
837 1920 973 2003 liudolfo
988 1940 1025 1985 ac
1041 1939 1097 2003 pro
1113 1917 1290 2003 parentibus
1306 1918 1383 1981 meis
1399 1916 1471 1980 dum

274 2025 405 2090 debeant
419 2025 529 2089 deuote
544 2026 721 2110 deprecari,
750 2031 781 2091 et
803 2027 884 2112 quod
900 2027 991 2091 iidem
1007 2028 1119 2091 iratres
1135 2027 1264 2109 siugulis
1279 2026 1365 2088 annis
1380 2024 1471 2087 auni-

274 2135 440 2200 uersarium
463 2153 561 2197 meum
582 2140 614 2197 et
637 2132 749 2198 domini
765 2136 826 2198 mei
842 2135 953 2198 domini
968 2135 1096 2220 liudolfi
1110 2133 1242 2217 predicti
1258 2154 1295 2197 aa
1310 2137 1471 2217 parentum

276 2261 410 2306 meorum
427 2247 572 2306 consueto
595 2260 679 2306 more
701 2242 817 2306 ordinis
837 2242 970 2323 ipsorum
993 2241 1124 2324 benigne
1145 2246 1176 2305 et
1193 2240 1304 2305 deuote
1319 2257 1475 2324 peragere

276 2354 446 2415 teneantur.
479 2348 556 2414 Volo
572 2350 662 2412 etiam
678 2355 710 2413 et
725 2349 847 2423 ordino,
876 2349 955 2433 quod
977 2348 1066 2412 iidem
1084 2350 1194 2413 iratres
1210 2368 1315 2413 omues
1332 2350 1474 2429 sumptus

274 2476 363 2530 suos,
386 2476 461 2541 quos
487 2456 516 2520 iu
540 2455 703 2520 laborando
726 2456 825 2522 dictas
846 2458 947 2521 vineas
963 2458 1092 2522 iecerint
1116 2477 1170 2538 seu
1194 2456 1408 2539 expenderint,
1432 2453 1474 2516 dc

275 2564 404 2627 utilitate
426 2583 480 2628 seu
508 2564 610 2628 fructu
635 2565 808 2627 earumdem
833 2563 984 2628 vinearum
1008 2562 1100 2647 plene
1123 2563 1273 2628 rehabere
1300 2568 1475 2634 teneantur,

274 2671 397 2735 residua
414 2689 486 2736 aero
501 2690 592 2755 pars,
613 2691 674 2756 que
694 2671 733 2735 de
749 2672 829 2736 dicta
845 2671 962 2737 cultura
978 2671 1305 2755 superhabundaoerit‚
1328 2670 1360 2733 in
1381 2667 1474 2732 intir-

273 2778 397 2842 mariam
419 2777 493 2841 dicti
515 2778 640 2843 claustri
663 2777 912 2843 decumbentibus
936 2797 991 2862 pro
1013 2779 1223 2842 emendatione
1245 2782 1277 2842 ct
1292 2781 1475 2858 augmenta·

272 2886 358 2950 tione
373 2884 530 2970 prebende
546 2904 649 2949 eorum
666 2886 856 2968 integraliter
867 2884 999 2950 debeant
1014 2886 1174 2969 assignari.
1199 2886 1237 2949 Et
1252 2886 1284 2949 in
1300 2885 1476 2948 huiusmodi

273 2993 724 3058 meedooationistestimoaium
735 2999 970 3078 perpetuamque
983 2994 1152 3058 diuinitatem
1163 3000 1326 3058 memorato
1337 2990 1475 3056 claustro

272 3100 392 3166 Sancte
408 3100 519 3166 Crucis
539 3108 571 3166 et
586 3102 746 3168 conuentui
763 3100 899 3164 eiusdem
922 3101 1036 3166 litteras
1053 3123 1135 3166 meas
1152 3106 1311 3184 presentes
1327 3099 1474 3163 concessi

273 3206 367 3289 sigilli
385 3208 444 3271 mei
460 3212 491 3272 et
507 3208 617 3293 sigillis
634 3209 784 3273 dictorum
795 3208 920 3271 fratrum
937 3228 1070 3273 meorum
1088 3209 1249 3273 munimine
1264 3207 1472 3287 consignatas.

274 3313 381 3378 Datum
398 3335 476 3379 anno
493 3315 603 3379 domini
620 3315 676 3381 tls.
690 3316 789 3381 CCCl.
803 3317 879 3380 XXl.
896 3316 1114 3403 septimo(sic)
1131 3317 1162 3379 ln
1180 3317 1229 3380 die
1240 3316 1337 3379 sancti
1350 3312 1474 3377 Thome

273 3421 413 3506 apostoli.

364 3528 429 3593 Nos
450 3548 522 3595 rero
544 3530 744 3614 peticionibus
766 3532 941 3596 eorumdem
958 3532 1079 3596 fratrum
1102 3533 1189 3596 iustis
1206 3537 1238 3594 et
1251 3530 1396 3612 legitimis
1413 3549 1473 3593 au-

272 3641 402 3701 nuentcs
425 3640 561 3702 tenorem
584 3635 786 3719 predictarum
802 3639 970 3703 litterarum
996 3639 1221 3703 teutonicalium
1243 3639 1280 3703 de
1307 3639 1403 3703 uerbo
1433 3638 1474 3701 ad

273 3744 399 3810 uerbum
411 3744 442 3808 in
453 3745 577 3809 latinum
591 3745 808 3817 conuertendo,
824 3746 1018 3829 presentibus
1030 3747 1210 3811 transscribi
1226 3747 1365 3818 lecimus,
1381 3745 1473 3827 sigil-

273 3852 356 3936 lique
368 3854 464 3916 nostri
477 3851 638 3916 munimine
650 3851 771 3915 easdem
783 3855 957 3934 consignari
970 3856 1127 3918 iacientes.
1151 3855 1259 3919 Datum
1276 3853 1351 3917 teria
1367 3855 1475 3937 quinta

274 3959 408 4042 proxima
425 3963 495 4024 ante
519 3958 600 4022 diem
617 3959 716 4023 [lamis
732 3960 896 4043 palmarum
912 3981 989 4026 anuo
1005 3961 1118 4027 domiui
1133 3961 1189 4026 bil.
1205 3961 1307 4027 000⁰.
1323 3962 1473 4026 vicesimo

273 4066 413 4153 septimo.

346 4207 513 4275 Vollstundip
524 4207 632 4262 inscrirt
644 4207 670 4261 in
683 4207 731 4261 der
742 4208 1074 4279 Beatttigungs·Urlmnds
1087 4212 1173 4283 Konig
1185 4214 1275 4271 llarl's
1288 4229 1339 4267 von
1351 4212 1474 4283 Ungnrn,

273 4295 336 4351 ddo.
349 4299 376 4353 3.
389 4297 463 4367 April
480 4298 560 4351 1327.
