3192 5342
1245 507 1297 579 45

119 676 247 759 gesebel't
257 679 321 742 sint
332 697 480 758 genesen
488 679 631 745 rodaucb
643 683 708 745 sein
717 696 837 763 gaaevg
850 679 910 741 sint
925 679 978 743 mit
992 679 1058 742 iren
1070 680 1218 763 ynsigeln.
1243 679 1297 745 bi-

118 786 246 870 serpriet
249 786 431 870 istgigeben
439 788 476 851 da
484 808 541 852 ran
552 786 688 854 Christea
698 787 1297 875 gepurdnarenergaogeudrawacben-

117 893 233 958 bundert
251 894 307 967 iar,
324 894 438 959 darnah
453 896 484 959 iu
497 898 565 960 dem
577 896 824 962 tirmtaebendem
840 897 897 967 lar,
919 915 956 961 an
968 896 1042 960 sand
1057 896 1199 981 Georgen
1216 905 1297 979 tage.

177 1035 294 1108 original
308 1039 357 1092 aut
366 1038 525 1109 Pergamcat
535 1039 582 1094 mit
595 1037 680 1094 einans
692 1039 792 1110 Siagat,
807 1038 870 1093 anci
883 1038 981 1094 andere
991 1039 1087 1096 tablen.

678 1257 722 1334 L.

115 1391 492 1469 brunswicenses.
506 1427 538 1436 —
552 1398 671 1455 Meister
690 1396 823 1453 Andreas
845 1396 961 1452 acbmlrt
982 1395 1035 1453 der
1056 1397 1137 1453 Alter·
1155 1396 1299 1466 Heila'pen·

17 1486 18 1489 ’
115 1483 203 1538 mm
223 1500 291 1539 zuar
313 1484 489 1540 Seelenleile
512 1486 605 1540 asinas
628 1487 831 1542 vcratorbencn
852 1486 980 1543 Brudcra
996 1485 1138 1543 Nikatoris
1153 1487 1229 1543 aeine
1241 1487 1298 1541 Bc·

528 1574 642 1645 misano
655 1592 693 1630 sa
705 1575 875 1648 Podeealarf.

17 1796 19 1799 ι
193 1697 258 1761 Nos
273 1700 421 1780 Magister
434 1703 583 1768 Andreas
598 1702 677 1768 lilius
695 1704 831 1787 magistri
841 1704 991 1791 Gregorii
1005 1703 1210 1784 significamus
1228 1703 1295 1766 vni-

115 1807 213 1879 nersis,
229 1808 310 1891 quod
322 1808 390 1893 quia
405 1810 555 1874 salubrius
571 1817 619 1873 est
634 1812 813 1896 prospicere
826 1811 993 1896 spiritualia
1009 1832 1096 1896 quam
1109 1811 1295 1894 temporalia,

17 1910 19 1919 ’
114 1913 148 1978 ab
162 1917 326 1980 remedium
345 1923 376 1981 et
392 1916 518 1982 salutem
536 1920 634 1984 anime
656 1922 760 1984 tratris
777 1922 874 1984 nostri
890 1922 1027 2002 magistri
1052 1920 1193 2004 Nycolaa'
1217 1918 1297 1983 bone

17 2026 19 2107 ζ
112 2026 246 2087 memorie
261 2024 408 2107 quandam
424 2027 651 2108 possessionem
669 2031 799 2091 nostram
817 2029 991 2113 Potcsdarf
1006 2033 1140 2092 vocatam
1158 2026 1296 2091 dedimus

112 2135 138 2194 et
157 2131 336 2196 contulimus
353 2133 495 2198 Ecclesia
515 2143 627 2201 sancte
645 2137 756 2202 Graccis
777 2142 808 2199 ct
825 2157 882 2221 per
902 2157 969 2200 eam
991 2136 1182 2218 Grangiariis
1199 2134 1294 2219 ipsius

17 2272 18 2307 3
111 2238 232 2303 ecclesie
265 2242 465 2306 existentibus
500 2246 578 2308 iuxta
613 2246 711 2311 Ferte
743 2246 880 2310 famulari
914 2246 1029 2328 pariter
1058 2250 1090 2309 at
1122 2243 1295 2327 possidere.

17 2396 19 2427 ξ
112 2345 209 2410 Datum
238 2349 267 2411 in
285 2348 449 2437 Sclacprep
471 2351 501 2413 in
518 2351 632 2415 Octaua
650 2351 820 2416 Natiuitatis
842 2352 954 2416 domini
971 2371 1048 2415 anno
1065 2352 1211 2415 eiusdem.
1242 2351 1294 2413 Mn

111 2451 201 2516 000⁰.
218 2455 309 2518 Xlllt.

17 2570 18 2585 ἵ
176 2593 295 2665 original
309 2596 358 2651 aut
367 2599 523 2668 Pergament
537 2598 584 2653 mit
596 2598 694 2671 Siegel.

666 2798 724 2876 bl.

17 2940 19 2999 l
108 2933 440 3009 latt,aa.a1ntl,vtaa.
461 2970 499 2981 -
513 2940 606 3010 Kdnip
624 2939 773 2995 Meda-tela
787 2938 841 2994 111.
855 2939 986 3008 testatiqt
997 2937 1141 2994 deratbtei
1151 2936 1294 3006 Belligen-

17 3106 18 3115 ,
110 3025 444 3097 mmumvousaanuip
456 3027 879 3098 inacrirtcPr-a‘oa'lcpiamaeinea
890 3027 998 3092 Vetera,
1009 3026 1261 3097 Kouipdlbrccbt’a
1270 3025 1294 3080 1.

436 3116 501 3173 alda.
519 3118 613 3183 Wien,
626 3116 679 3174 24.
692 3117 848 3175 December
861 3117 959 3174 1286.

17 3328 18 3335 ἵ
189 3243 368 3309 ΕΒίἀήσιω
383 3243 440 3307 Del
452 3242 561 3309 Gracia
578 3245 774 3309 Romanorum
791 3245 854 3309 Rex
870 3264 990 3327 semper
1002 3246 1155 3326 Augustus
1166 3245 1296 3308 Vniuer-

17 3346 19 3357 '
108 3348 146 3412 sia
159 3350 247 3414 Sacri
263 3352 388 3416 Romani
405 3351 528 3435 Imperii
538 3352 695 3417 Fidelibns
710 3353 903 3438 presencium
918 3350 1140 3435 inspectoribus
1155 3352 1293 3415 Graciam

17 3458 19 3495 ³
107 3476 186 3519 snam
202 3462 234 3521 ct
249 3477 337 3521 omae
353 3458 473 3522 bonum.
498 3459 659 3525 Constituti
674 3460 705 3524 in
719 3466 824 3524 nostre
839 3461 1003 3523 maiestatis
1019 3460 1177 3542 presencia
1194 3459 1295 3523 Hono·

17 3556 19 3665 ζ
107 3563 214 3628 rabiles
226 3570 258 3629 et
272 3564 421 3648 Religiosi
436 3568 493 3631 viri
508 3567 610 3633 Abbas
626 3572 658 3632 et
673 3567 845 3632 Conuentus
864 3568 1040 3632 Monasterii
1059 3567 1295 3632 sometimes

106 3673 288 3745 namsia,
305 3674 517 3739 cisterciensis
534 3675 656 3739 Ordinis
673 3675 871 3758 Priuileginm
893 3673 1043 3757 quoddam
1065 3673 1152 3738 nobis
1177 3674 1296 3739 obtule-

107 3786 170 3843 mnt
185 3787 325 3863 petentes
342 3801 409 3845 cum
425 3783 589 3855 instancia,
618 3784 747 3867 idipsum
764 3788 795 3846 et
816 3781 962 3846 articulos
979 3784 1009 3845 in
1025 3800 1061 3845 eo
1080 3786 1238 3845 contentos
1255 3781 1294 3844 de

106 3885 287 3969 benignitate
303 3890 396 3972 Regia
413 3891 594 3954 confirmari.
631 3891 722 3954 Cuius
747 3896 834 3954 tenor
858 3888 897 3953 ds
914 3889 1008 3952 uerbo
1026 3889 1062 3953 ad
1081 3889 1204 3953 uerbum
1223 3889 1294 3951 talis

106 4001 163 4061 est:
186 3997 336 4063 ailbertus
362 3998 412 4062 dei
437 4000 541 4083 gracia
563 3998 628 4063 Dux
643 3999 771 4065 Austris
798 4005 829 4061 et
843 3998 953 4078 Styric
976 3996 1122 4061 Dominus
1147 3998 1296 4062 damiate

108 4102 250 4170 ltmcbic
275 4113 309 4170 et
334 4107 571 4173 Portaanuonis.
614 4107 723 4192 (Folgt
739 4107 788 4171 dic
810 4105 954 4169 Urlmnde
972 4107 1093 4188 Herzog
1114 4103 1293 4185 dlbrccbt's‚

105 4209 153 4276 24.
170 4214 346 4279 Decembris
363 4215 462 4282 1286.
477 4217 601 4290 Fontes,
615 4215 670 4281 Bd.
688 4216 736 4289 xl,
753 4215 785 4278 S.
803 4216 880 4286 252,
897 4213 950 4279 Nr.
967 4212 1162 4296 ccuxxut.)

188 4320 252 4386 Nos
268 4324 373 4405 igitur,
402 4326 453 4409 qni
470 4324 508 4388 ad
525 4326 683 4409 utriusque
701 4325 761 4387 vite
777 4323 952 4387 felicitatem
968 4322 1117 4406 prodesse
1134 4322 1222 4387 nobis
1238 4341 1294 4385 ne-

105 4447 244 4513 quaqnam
260 4432 451 4512 ambigimus,
468 4434 495 4495 si
510 4432 578 4497 loca
595 4431 695 4496 diuino
712 4431 805 4496 cultui
820 4431 988 4516 mancipata
1005 4428 1149 4513 ampliare
1164 4448 1295 4495 caranc-

105 4537 204 4611 rimas,
221 4544 251 4602 et
266 4559 370 4603 eornm
382 4541 507 4605 comodo
523 4542 571 4627 pia
589 4540 749 4605 intendere
764 4540 929 4612 voluntate,
947 4540 1013 4603 zelo
1026 4556 1115 4603 sacre
1126 4538 1295 4620 Religionis

105 4649 133 4706 et
151 4646 323 4711 eorumdem
340 4649 464 4713 fratrum
486 4649 634 4715 instancia
656 4649 769 4714 dictum
785 4648 998 4713 Monasterium
1020 4666 1088 4712 cnm
1104 4646 1248 4709 Perennis
1263 4652 1296 4708 et
