3192 5342
695 790 752 870 111.

126 936 192 1001 1000.
206 933 245 993 10.
256 930 417 993 November.
431 964 467 975 —-
479 931 535 987 Dic
552 932 669 987 Brsldcr
687 934 808 1007 Repeto,
830 932 967 991 Heinrich
988 936 1051 993 und
1063 937 1200 1001 dourad,
1223 940 1320 996 Solus

127 1026 168 1081 des
180 1024 316 1079 Heinrich
328 1042 385 1079 uon
397 1024 508 1085 Brimo,
529 1026 655 1092 oemunt
675 1024 822 1097 saporus,
844 1025 942 1081 ies'stcn
959 1045 997 1082 su
1022 1029 1151 1085 Dusutcn
1164 1029 1220 1085 der
1239 1030 1321 1085 Ablea'

127 1115 337 1185 flciliqenkera
347 1112 479 1169 Veniclt
490 1114 550 1185 auf
561 1112 625 1169 idre
636 1112 803 1186 mansuem
820 1132 861 1171 un
877 1117 924 1172 ein
937 1116 1034 1174 bulbos
1045 1114 1146 1191 ΡΜ
1156 1120 1317 1189 Pscsosisme

553 1202 638 1259 thlte
649 1218 687 1257 sa
699 1202 887 1278 Bmcrsdmfl

206 1315 271 1380 Nos
286 1316 423 1401 Repete
446 1313 635 1386 Hoiurious,
659 1314 863 1389 Gbenrndus,
889 1316 943 1381 tilii
959 1318 1116 1384 notorie·
1136 1320 1177 1384 ds
1190 1318 1321 1387 Prome

127 1427 321 1509 cognomento
333 1419 714 1510 Sophron—profitemur
730 1429 761 1486 et
777 1424 815 1487 ad
832 1425 973 1489 noticiam
991 1430 1163 1491 cunctorum
1182 1429 1319 1493 volumus

127 1533 298 1619 peruenire.
315 1529 396 1616 quod
418 1548 486 1595 cum
513 1527 607 1594 abbas
629 1535 661 1594 et
677 1528 850 1595 Conuentus
873 1532 1048 1599 blonasterii
1070 1542 1181 1600 sunem
1197 1537 1318 1608 cneco.

28 1634 29 1637 '
126 1642 275 1729 spadone
291 1637 439 1703 auunculo
463 1642 567 1703 nostro
591 1638 620 1701 in
637 1639 971 1726 Enqelscbnlcbsdorf
979 1641 1095 1706 dimidii
1112 1641 1225 1706 talenti
1247 1642 1320 1707 red·

124 1749 193 1815 ditus
208 1750 457 1834 commorassent,
479 1744 587 1809 eodem
614 1746 762 1811 auunculo
784 1754 889 1812 nostro
914 1750 1029 1835 absque
1051 1748 1126 1814 bere
1135 1749 1225 1815 dibus
1242 1750 1319 1816 riam

28 1942 29 1947 ἵ
124 1860 255 1923 uniuerso
271 1854 375 1921 carnis
400 1857 556 1937 ingresso,
588 1853 736 1937 premissa
766 1858 921 1938 possessio
956 1857 1129 1941 aliqualiter
1148 1858 1217 1922 iure
1243 1877 1319 1942 pro·

28 2006 30 2055 !
126 1965 291 2050 pingnitatis
307 1964 347 2027 ad
364 1982 419 2026 nos
435 1963 533 2027 luerat
548 1960 705 2033 deuolute,
724 1980 819 2046 quare
843 1971 1036 2029 memoratum
1065 1965 1206 2030 abbatem
1222 1986 1315 2050 super

28 2080 30 2173 J
127 2075 268 2159 emptione
284 2070 388 2134 babitu
404 2071 547 2134 traximus
564 2070 610 2134 ud
622 2070 780 2156 placitum
793 2074 957 2159 ycncrclc.
1001 2071 1104 2137 Abbas
1121 2093 1193 2137 roro
1210 2072 1315 2137 rolens

28 2176 30 2249 †
128 2202 246 2266 parcere
267 2178 423 2243 laboribus
446 2182 478 2242 ot
497 2177 638 2261 expensis
662 2177 774 2241 domiui
799 2182 895 2244 nostri
913 2180 1072 2247 Gnathoni
1085 2183 1125 2246 dc
1140 2181 1325 2266 Ebcrsdors

28 2268 29 2275 ¹
127 2288 282 2354 camerarii
299 2286 421 2353 oodric
441 2284 566 2349 arbitrio
593 2304 629 2349 se
651 2286 779 2351 comisit.
797 2288 849 2371 qui
871 2288 956 2353 nobis
984 2287 1048 2352 dari
1072 2289 1228 2352 constituit
1252 2288 1312 2355 llll.

28 2392 29 2431 ⁴
127 2397 228 2462 solidos
245 2394 449 2467 denariorum.
464 2398 497 2458 ut
508 2394 604 2460 omnis
616 2394 767 2459 contentio
782 2395 951 2468 tolleretur,
963 2395 1043 2460 rnde
1055 2417 1092 2460 ex
1104 2417 1183 2461 nunc
1200 2416 1314 2461 renun-

28 2514 30 2531 '
126 2507 257 2570 tinuimus
270 2511 302 2569 et
317 2501 529 2567 renunciamus
545 2502 624 2565 omni
640 2502 709 2573 iuri,
725 2503 806 2587 quod
822 2503 908 2567 nobis
925 2504 955 2567 in
972 2503 1121 2587 premissa
1137 2503 1316 2568 heredidate

128 2621 290 2697 competere
305 2609 480 2681 videbatur,
505 2608 675 2691 obligantes
699 2628 753 2674 nos
777 2610 816 2673 ad
836 2610 1044 2675 detonsionem
1064 2609 1185 2696 plenam
1212 2617 1316 2677 contum

29 2712 30 2779 ἶ
127 2739 238 2784 normes
254 2724 376 2783 nostros
391 2726 423 2782 et
438 2717 596 2782 rniuersos
612 2718 685 2780 ulios
701 2717 881 2782 coheredes.
920 2719 959 2782 m
980 2739 1018 2783 ne
1034 2720 1182 2802 premissa
1197 2718 1317 2784 ualeant

29 2884 30 2893 .
128 2830 318 2912 inposterum
335 2826 373 2890 nb
389 2826 487 2911 aliquo
503 2825 635 2897 irritari,
656 2831 830 2909 presentem
846 2827 976 2891 litteram
993 2827 1150 2911 sepedicto
1166 2826 1269 2891 abbati
1284 2833 1316 2892 st

29 2932 30 2935 ’
129 2934 287 3001 conuentui
299 2933 477 2999 tradidimus
488 2932 588 3014 sigillo
600 2933 744 2997 antedicti
756 2932 869 2998 domini
877 2937 970 2999 nostri
986 2934 1143 3001 Cleolbobi
1154 2934 1315 2998 munimine

128 3044 299 3108 mboratnm.
339 3044 451 3108 Testes
473 3042 562 3104 etium
586 3039 675 3105 buius
698 3040 742 3104 rei
767 3052 846 3105 sunt.
890 3042 1034 3106 Dominus
1055 3042 1212 3126 Iludolfos
1236 3041 1315 3108 lilius

30 3204 31 3209 ,
129 3151 229 3215 domini
245 3152 353 3216 nostri.
394 3150 537 3214 Dominus
556 3148 743 3214 lllcbordus
765 3150 807 3214 de
821 3148 984 3215 Arnstuin.
1017 3150 1162 3215 Dominus
1187 3150 1259 3215 Otto
1276 3151 1317 3216 de

30 3322 31 3327 ,
134 3260 271 3325 Wldelse.
295 3258 440 3324 Dominus
457 3257 645 3323 Cbunrodus
660 3258 701 3322 dc
715 3257 923 3322 Proiterooeld
936 3262 966 3321 et
981 3256 1124 3322 Dominus
1140 3258 1315 3323 Heinrioue

130 3367 213 3431 buter
238 3369 314 3431 eius.
355 3366 499 3430 Dominus
522 3365 636 3429 Hoimo
660 3368 691 3427 et
712 3364 858 3428 Dominus
884 3366 957 3430 Otto
979 3366 1088 3430 milites
1116 3367 1146 3428 in
1171 3366 1314 3431 lV‘scnno.

129 3474 304 3540 Friderimss
332 3474 419 3537 miles
455 3474 496 3539 de
524 3472 708 3556 Ebersdorf.
749 3471 892 3555 Sr'fsidus
921 3471 1008 3536 miles
1040 3474 1081 3538 de
1106 3473 1314 3538 Muneosccrd.

129 3581 377 3648 Didbuirrmrius
396 3581 438 3646 de
455 3579 630 3653 Smecbent
648 3578 745 3643 etalii
762 3577 972 3664 quamplures
988 3578 1066 3645 fides
1084 3580 1175 3663 digni.
1208 3580 1314 3645 Datum

131 3692 159 3752 et
171 3694 266 3754 aetum
278 3691 362 3753 Anno
380 3688 493 3755 domini
508 3688 667 3752 ldillesimo
684 3686 782 3751 000⁰.
798 3687 830 3748 in
846 3686 896 3752 die
912 3693 1016 3752 sancte
1031 3684 1208 3770 Elyznbeth.

195 3831 310 3904 Driginnl
324 3831 372 3886 nul
382 3833 549 3902 Pergameni,
566 3828 661 3885 dessen
671 3829 761 3900 Diogel
774 3827 849 3882 fsnn.

686 4010 745 4089 lv.

33 4218 34 4229 χ
128 4152 193 4226 1001,
204 4155 244 4214 10.
256 4155 341 4214 11η.
355 4182 387 4194 -
402 4152 543 4209 Nikolaou
559 4151 612 4206 der
632 4150 700 4207 Esel
715 4168 771 4208 oon
787 4152 941 4223 Boclrfls'ess
958 4150 1113 4207 versicltet
1131 4168 1168 4205 aa
1188 4152 1318 4208 onmem

33 4260 35 4309 ξ
130 4241 176 4299 der
187 4244 267 4301 Altos·
282 4242 503 4314 Heiliuenlrrm
519 4240 578 4314 aas
587 4239 644 4296 alle
662 4242 740 4297 scine
753 4241 920 4315 Amprslclse
932 4256 971 4297 cn
984 4241 1068 4296 einen
1086 4239 1179 4303 Wclsl,
1191 4245 1319 4311 gomont

33 4330 34 4347 ³
587 4348 627 4386 aaa
639 4330 703 4386 dem
714 4330 853 4386 uomens.

211 4461 381 4528 lchNiclos
396 4459 452 4525 der
460 4460 539 4525 Esel
550 4478 608 4523 ron
620 4432 788 4525 Poclcolics
804 4464 856 4523 tun
874 4458 965 4523 cbunt
981 4457 1060 4522 elien
1077 4457 1147 4529 den,
1164 4457 1215 4521 die
1230 4456 1317 4521 dison

130 4566 205 4631 brief
223 4568 319 4632 issent
346 4567 422 4632 oder
444 4568 555 4632 borent
572 4568 677 4635 lesen.
710 4565 761 4629 die
789 4585 829 4630 nu
846 4565 948 4630 lebent
976 4566 1048 4629 rndt
1064 4565 1122 4629 aub
1139 4564 1169 4629 di
1185 4563 1241 4628 ber
1256 4566 1315 4627 nah

132 4673 262 4757 ebunttig
276 4676 351 4750 sint,
380 4673 437 4740 dnn
453 4674 504 4739 inb
520 4675 570 4738 ein
586 4671 736 4757 anspracb
760 4670 820 4737 ban
835 4673 969 4756 gebabet
984 4672 1065 4737 hints
1082 4670 1152 4736 dem
1166 4672 1226 4756 Apt
1241 4669 1319 4735 unde

35 4788 36 4813 .
1066 4779 1099 4830 ¹.
