3192 5342
750 746 936 826 ccxciv.

261 870 335 942 Μ,
347 870 370 929 1.
384 870 468 944 April,
480 868 564 930 Eion.
580 902 610 911 -
625 871 743 945 Redolf
749 874 767 927 1
768 871 806 935 V„
821 871 986 942 Enlrnw
997 888 1034 927 arr
1047 858 1208 928 Ortmsicb
1220 874 1287 933 crs,
1298 871 1448 941 boetdtipct

257 962 310 1016 der
331 961 413 1018 Abtcr'
429 960 646 1033 mosum
662 960 710 1019 die
729 961 905 1030 nomenari
923 961 1058 1019 sucoso
1080 958 1213 1017 Urlrsrrdc
1231 960 1322 1017 reim
1344 961 1446 1015 virm

519 1052 569 1108 des
580 1053 705 1125 Hersops
717 1052 849 1109 Atbrccbt
861 1055 908 1115 11..
920 1052 985 1108 dds.
1003 1051 1087 1109 Wirn
1103 1049 1198 1109 1348.

348 1185 502 1269 liudoldo
512 1183 644 1267 Quartus
659 1183 715 1248 Dei
730 1185 828 1267 gotio
844 1184 996 1249 Archidux
1007 1185 1146 1256 Austris,
1160 1184 1268 1266 Styrie
1283 1190 1314 1249 ct
1325 1185 1448 1250 Kain-

258 1292 339 1365 tbr‘c,
357 1292 500 1359 Dominus
516 1294 678 1367 Camiolc,
706 1293 851 1361 Morebic
865 1314 901 1358 ac
916 1294 1159 1365 Portnnoonis.
1180 1292 1289 1358 Comes
1312 1292 1350 1359 de
1372 1295 1444 1360 Hu-

259 1402 451 1491 biscbsbrrrg,
467 1401 625 1469 Pbirreris
640 1408 672 1467 st
685 1401 852 1490 lindessei,
869 1400 1003 1467 bimcbio
1018 1403 1186 1491 Borpogr’e,
1201 1420 1260 1466 nec
1276 1420 1334 1465 noo
1350 1401 1445 1466 bnt·

259 1511 383 1593 grauius
395 1510 521 1577 Alsncic
531 1509 677 1599 Omnibus
687 1512 717 1576 in
730 1516 918 1597 perpetuum.
942 1510 977 1575 Si
990 1511 1027 1576 ad
1043 1509 1109 1575 loca
1124 1509 1183 1576 deo
1196 1509 1296 1575 desta
1311 1507 1445 1595 benigne

260 1618 419 1705 dirigimus
434 1620 530 1686 aciem
543 1620 650 1686 mentis
663 1627 768 1686 nostre
780 1628 812 1686 et
824 1639 928 1685 eorum
944 1619 1077 1687 comodis
1089 1617 1270 1685 intendimus
1281 1617 1446 1703 diligeutcr

259 1747 319 1794 non
334 1732 447 1795 tontum
462 1734 567 1794 ebroe
588 1728 799 1796 retribucionis
814 1731 936 1802 merita.
964 1728 1020 1795 sed
1040 1734 1071 1796 et
1091 1727 1186 1793 landis
1210 1728 1355 1812 preconio
1370 1747 1446 1793 con·

260 1835 414 1923 sequimur
428 1836 612 1920 temporalis.
644 1836 804 1903 Vniuersis
818 1837 910 1920 igitir
925 1837 1118 1923 presentibus
1134 1855 1221 1922 mam
1236 1835 1346 1903 tuturis
1362 1834 1447 1901 rolu-

260 1965 326 2011 mus
346 1965 416 2012 esse
442 1950 563 2019 notum.
591 1946 654 2011 Nos
678 1947 870 2031 priuilegium
891 1946 1115 2014 honorabilibus
1136 1952 1168 2013 st
1187 1943 1350 2028 Religiosis
1371 1944 1447 2008 viris

262 2054 452 2121 Cbolornsm
472 2053 581 2120 Abbati
603 2061 634 2120 et
654 2054 824 2122 Conuentui
839 2054 1014 2121 idonasterii
1028 2055 1147 2121 Sancte
1164 2055 1295 2126 men,
1322 2051 1446 2118 Ordinis

261 2163 492 2248 cysterciensis,
507 2165 732 2232 Pntbnrricnois
744 2165 895 2249 dyocesis,
911 2170 1027 2251 spone
1041 2184 1077 2229 ac
1093 2163 1212 2229 donnino
1224 2170 1326 2228 nostro
1338 2162 1446 2227 Karis-

261 2273 336 2338 simo
351 2271 430 2339 bone
445 2273 670 2341 recordacionis
684 2273 827 2340 traditum
843 2275 1010 2340 inseruisse
1025 2271 1218 2358 presentibus
1235 2293 1271 2338 ac
1285 2272 1447 2337 innonasse

262 2399 319 2463 per
345 2381 442 2447 omnia
462 2382 493 2446 in
514 2382 594 2448 bunc
615 2381 747 2448 modum.
785 2381 893 2471 (Eoigt
915 2381 965 2448 die
988 2401 1058 2468 psg.
1083 2381 1167 2455 206,
1192 2379 1246 2445 Nr.
1264 2379 1326 2445 eci
1349 2378 1447 2462 abge-

262 2487 388 2553 drucbte
410 2488 552 2554 Urknnde
574 2491 694 2573 Herzog
716 2488 890 2557 Albrccbt's
911 2491 975 2563 ΙΙ.,
1002 2489 1071 2556 ddo.
1101 2488 1190 2554 Wien
1214 2485 1332 2574 1348.)
1385 2487 1449 2551 Nos

262 2598 354 2680 igitur
370 2599 435 2664 Dur
451 2600 606 2685 Ilndolflrs
621 2600 758 2687 prefatus
773 2599 1000 2667 considerantes
1016 2599 1216 2672 honestatem,
1232 2598 1319 2664 uitam
1334 2603 1368 2661 et
1383 2594 1449 2662 lou·

261 2707 389 2774 debilem
419 2706 598 2792 religionem
621 2709 806 2776 Cbolomoui
829 2708 955 2775 abbans
984 2715 1015 2774 et
1042 2707 1217 2776 conuentus
1241 2705 1447 2795 predictorum

260 2817 355 2903 ipsius
370 2837 406 2883 nc
417 2817 592 2883 monasterii
607 2817 716 2884 intuitu
732 2816 945 2884 retribucionis
962 2821 1079 2891 eterne,
1094 2837 1153 2882 nec
1168 2834 1228 2881 non
1242 2835 1298 2900 pro
1310 2812 1448 2880 remedio

261 2926 510 3009 predecessorum
526 2932 711 3000 cornorum,
740 2947 828 3013 pam
854 2926 951 2993 sainte
975 2946 1095 3013 quoqne
1117 2933 1221 2991 nosue
1243 2929 1276 2990 et
1300 2922 1448 2989 berednm

263 3040 432 3101 nostrorum
453 3044 611 3122 presentes
634 3038 839 3103 innouocionis
861 3057 915 3102 seu
940 3034 1165 3102 ratihabicioois
1193 3035 1297 3101 literas
1324 3034 1449 3117 ἀίςιιωιι

262 3141 398 3209 duximus
414 3143 634 3211 concedendas.
671 3144 753 3211 Nulli
775 3164 851 3229 ergo
872 3146 990 3210 omuino
1005 3145 1155 3211 bominum
1172 3144 1263 3209 beant
1276 3140 1449 3207 huiusmodi

262 3253 464 3319 innourcionis
480 3259 583 3319 nosne
599 3254 701 3321 literas
716 3255 897 3338 infringere,
911 3253 961 3319 rel
976 3253 1090 3319 eiausu
1105 3253 1267 3318 temerario
1279 3251 1449 3324 cononum

262 3359 343 3445 qnod
371 3362 421 3446 qui
442 3362 568 3427 forsitan
589 3369 768 3453 attemptare
793 3363 1031 3450 presumpserit,
1057 3382 1092 3427 se
1108 3380 1232 3447 greum
1249 3369 1352 3426 nosne
1367 3358 1449 3424 iodi-

262 3471 420 3551 gnacionis
435 3470 579 3537 suessan
602 3477 633 3538 et
648 3471 685 3536 ad
709 3475 766 3539 hoc
782 3479 902 3538 centum
918 3470 1012 3536 libras
1027 3472 1091 3536 auri
1106 3471 1226 3536 nouerit
1250 3469 1450 3541 incursurum.

262 3598 385 3663 querum
401 3580 617 3667 quinquaginta
633 3580 725 3646 libras
743 3586 846 3647 nostre
862 3599 981 3646 camere
997 3585 1028 3645 et
1043 3578 1256 3667 quinquaginta
1272 3576 1364 3642 libres
1379 3577 1452 3650 biis,

262 3687 312 3772 qni
328 3689 485 3773 aggrouati
496 3690 636 3763 existunt,
654 3690 803 3773 assignari
815 3689 930 3755 debent
941 3694 972 3754 et
987 3689 1098 3755 cedere
1109 3708 1165 3773 pro
1176 3687 1313 3753 emenda.
1336 3688 1451 3752 Testes

263 3799 351 3865 buius
367 3800 413 3864 rei
428 3807 497 3867 sunt
511 3800 682 3892 Reuerendi
698 3803 728 3866 in
744 3800 867 3867 Christo
882 3807 984 3887 patres
1000 3807 1033 3865 et
1048 3799 1171 3876 donnini,
1187 3797 1324 3864 dominus
1342 3798 1450 3864 ocol-

259 3913 314 3992 [ιω
329 3908 583 3995 drobiepiscopns
598 3911 863 3998 Snltcbmpmnis,
885 3909 1050 3995 Apostolici
1066 3908 1148 3974 sedis
1164 3908 1315 3990 Legatos,
1332 3908 1454 3973 Pontos

263 4016 487 4106 Frisingenar's.
501 4019 691 4104 Gotbsn'drra
702 4019 931 4086 Pntbnrricnsis
942 4017 1096 4106 Episcopi,
1106 4016 1268 4083 Jobnuacs
1280 4016 1454 4101 Episcopus

264 4127 444 4198 Graccum
458 4134 560 4193 nosne
571 4146 692 4194 camere
703 4127 918 4201 cancellarius.
934 4128 1117 4194 Fridsricus
1130 4126 1313 4199 climencia,
1333 4124 1454 4190 liricus

264 4236 481 4302 Scccocicnsis
496 4239 649 4305 etPetrrrs
656 4240 853 4305 besontinus
868 4237 1021 4324 Episcopi.
1046 4234 1174 4300 illustris
1190 4235 1335 4318 Princeps
1347 4234 1453 4299 dicia-

263 4345 394 4417 aarum,
407 4344 542 4412 biarcbio
554 4349 878 4437 Brnndcndnrgcnsin
890 4346 1063 4432 Superioris
1075 4345 1216 4412 Bnrrnrs'c
1222 4344 1288 4409 Dur
1300 4348 1331 4408 et
1342 4341 1454 4409 Comes

268 4455 392 4525 Tirolir,
408 4455 541 4521 sororius
557 4460 661 4520 noster
675 4455 872 4527 karissimus.
888 4458 959 4521 item
975 4455 1090 4519 nobiles
1106 4456 1163 4518 riri
1186 4452 1326 4518 auunculi
1355 4456 1453 4518 nostri

264 4560 366 4626 dilecti
382 4565 530 4630 Alterius
552 4566 704 4630 Palatinus
721 4584 824 4631 comes
839 4564 1026 4637 Koriutbie.
1047 4562 1253 4630 Mcindcrdcs
1268 4582 1370 4627 comes
1389 4564 1455 4628 Go-

266 4673 354 4744 ricic,
368 4675 558 4743 Rcrtbodius
567 4695 668 4739 cernes
679 4675 966 4763 Mcydebnrpensir,
985 4673 1058 4739 Otto
1071 4692 1173 4741 comes
1185 4672 1224 4736 de
1238 4671 1456 4743 Orterabwcd,
