3192 5342
264 486 342 560 386

265 661 402 743 iebentig
417 658 493 723 oder
508 659 570 722 tod.
597 660 661 724 Vnd
677 661 733 724 des
751 680 788 724 ce
804 660 939 725 mohond
956 662 1012 726 der
1027 659 1290 742 rorgeschribenn
1309 657 1463 743 handinng

265 770 366 854 geben
384 770 438 833 wir
455 767 512 833 not
527 769 738 834 Berntzcslom
752 767 810 833 des
825 769 984 851 gotnhnws
1001 789 1037 834 un
1054 770 1179 835 Zecllitr
1192 770 1243 834 iiic
1257 789 1312 833 rus
1328 770 1388 835 rud
1403 768 1464 835 alie

262 899 354 944 mser
369 876 544 943 Nnchkome
561 877 629 940 dem
646 877 837 960 erwurdigen
853 878 965 943 herren
981 877 1199 944 Athiclneerr
1214 898 1251 943 zu
1269 878 1337 943 dem
1349 878 1465 964 Repli-

260 1010 324 1078 9en
340 987 478 1053 ohrewtz
504 986 563 1051 rud
590 988 659 1051 dem
687 993 816 1069 gantzen
839 987 978 1051 Conuent
1001 986 1123 1051 daselbs
1147 986 1313 1052 decbries
1330 985 1464 1053 neroum

264 1096 448 1180 versigeiten
474 1094 529 1158 uit
550 1116 670 1161 unserm
693 1096 750 1161 md
777 1116 884 1163 rosere
902 1096 1071 1161 Conuentss
1088 1095 1309 1179 anhangunden
1326 1094 1464 1179 lnsigein

263 1204 328 1269 Vnd
352 1206 404 1267 mit
420 1223 528 1266 rusers
551 1210 720 1286 egenonten
743 1204 932 1285 weingarten
944 1203 1201 1288 perichmeysters
1216 1203 1342 1287 lusigei,
1357 1204 1464 1269 Haim-

262 1313 368 1381 rcioha
384 1313 439 1378 des
456 1312 597 1385 Finem,
615 1313 673 1377 deu
691 1313 747 1375 wir
763 1312 887 1377 darvmb
903 1312 1032 1397 sicinnig
1047 1317 1179 1396 gepeten
1195 1311 1295 1376 haben
1318 1332 1354 1376 an
1372 1334 1465 1378 rnser

264 1422 319 1485 rud
337 1441 447 1486 ruserr
462 1420 646 1485 naohkomen
664 1425 733 1485 stat.
758 1419 821 1484 [ier
837 1419 919 1484 briei
935 1421 975 1484 ist
996 1420 1095 1504 geben
1122 1419 1198 1485 nach
1222 1420 1329 1485 christi
1344 1421 1466 1506 geptird

263 1530 459 1596 drewtnehen
477 1528 606 1594 hundert
622 1529 668 1592 iar
685 1527 817 1592 darnach
835 1529 864 1591 in
882 1528 948 1592 dem
966 1529 1048 1594 drew
1064 1528 1124 1593 und
1140 1528 1387 1615 Newntzigistem
1404 1531 1467 1613 ier,

264 1641 335 1705 aoht
350 1644 403 1723 teg
420 1638 496 1702 nach
513 1637 596 1702 Sand
613 1636 743 1702 Micheis
759 1638 837 1718 Tag.

334 1781 451 1852 Origine!
466 1782 515 1835 nui
524 1782 681 1851 Pergameni
695 1780 742 1833 mit
754 1780 819 1833 swei
834 1781 952 1850 Siegeim
969 1780 1016 1834 dns
1030 1780 1112 1835 dritie
1125 1780 1197 1834 renuo.

734 2015 987 2097 CCCXXVIII.

264 2177 340 2249 1³94,
354 2178 381 2237 ⁴.
394 2178 478 2250 liu,
492 2177 577 2238 ilani.
591 2208 623 2218 -
638 2178 752 2233 leoena
764 2178 889 2251 Bionnos
895 2195 951 2233 oon
965 2178 1046 2234 uuo
1059 2178 1242 2242 turmot,
1254 2178 1322 2236 coes
1333 2178 1470 2236 meua

263 2268 484 2338 Heilipenlrreuz
496 2267 658 2340 nttjctrlick
672 2268 730 2323 um
742 2268 804 2324 cnei
815 2270 919 2324 scineae
933 2268 1111 2342 Domccps'tel
1123 2270 1194 2324 wei
1205 2267 1291 2325 Maria
1303 2269 1413 2335 Silbcr,
1425 2270 1471 2327 ala

264 2360 406 2429 Ablosuuq
419 2359 472 2414 der
484 2359 774 2430 Zetentcntriciotenp
785 2377 843 2416 con
855 2359 919 2415 dem
934 2361 1009 2416 Gutc
1025 2359 1205 2435 Vopcindorf
1215 2378 1252 2418 su
1265 2361 1368 2418 smus
1385 2361 1470 2417 Ιιαόι.

354 2506 499 2571 mannes
515 2505 715 2568 miseracione
731 2504 832 2570 diuina
849 2512 881 2570 et
892 2505 1060 2590 apostolice
1077 2505 1161 2571 sedis
1177 2507 1281 2589 gracia
1295 2507 1471 2593 Episcopus

265 2614 397 2680 ecclesie
412 2614 629 2692 Jccrinenaa‘a,
645 2611 753 2677 Notum
771 2615 897 2678 iacimus
914 2616 1066 2679 uniuersis
1078 2614 1187 2699 quibus
1199 2616 1322 2699 expedit
1337 2637 1474 2701 presen-

264 2725 342 2790 cium
357 2743 415 2808 per
430 2728 578 2794 tenorem,
592 2720 671 2807 quod
684 2722 876 2787 honorabiles
894 2730 925 2788 et
940 2724 1077 2807 religiosi
1089 2726 1146 2791 riri
1158 2725 1295 2789 dominus
1310 2726 1473 2793 Nicotaus

264 2831 356 2899 abhas
369 2837 513 2918 totusque
526 2830 700 2897 conuentus
713 2832 887 2897 Monastcrii
899 2834 1136 2899 Sousouara
1147 2835 1178 2897 in
1191 2835 1328 2912 comnia,
1352 2837 1475 2902 ordinis

265 2942 500 3017 cisterciensis,
527 2940 715 3006 Patauiensis
732 2941 864 3007 diocesis
891 2943 976 3007 anuis
998 2943 1127 3026 singuiis
1155 2947 1296 3009 tenentur
1322 2945 1414 3009 nobis
1443 2948 1476 3011 in

262 3054 357 3117 Festo
385 3051 480 3115 sancti
496 3048 623 3133 Georgii
647 3050 767 3116 soiuere
788 3052 863 3114 duas
885 3070 1001 3114 marcas
1018 3052 1138 3135 argenti
1162 3051 1213 3115 tini
1237 3052 1285 3118 rel
1309 3056 1475 3138 pecuniam

263 3160 482 3245 equiuaientem
499 3178 555 3241 pra
571 3158 687 3222 decime
700 3158 856 3224 cuiusdam
872 3159 1086 3243 possessionis.
1098 3180 1158 3245 que
1171 3160 1337 3242 vulgariter
1353 3167 1475 3252 nopot-

263 3269 345 3352 dors
371 3269 572 3348 nuncupatur,
603 3286 690 3349 quam
719 3266 866 3331 decimam
892 3286 949 3350 pro
971 3266 1086 3331 duabus
1109 3267 1269 3334 dumderat
1290 3272 1402 3336 marcis
1435 3274 1475 3338 ab

261 3374 505 3441 antecessoribus
516 3376 627 3441 nostris
643 3379 676 3438 et
691 3396 707 3438 a
720 3376 807 3439 nobis
819 3374 1082 3439 hahueruntonnis
1098 3376 1208 3451 multis,
1221 3376 1329 3462 quibus
1341 3379 1474 3445 duarum

262 3503 431 3549 marcarum
448 3492 512 3549 tres
530 3492 633 3570 partes
649 3485 805 3568 pertinent
821 3482 918 3557 nobis,
936 3489 1041 3569 quarte
1058 3504 1129 3549 vero
1145 3506 1218 3570 pars
1235 3487 1475 3556 Honorabilibus

260 3596 332 3659 riris
349 3593 478 3678 Capituli
495 3593 628 3659 ecclesie
641 3596 733 3658 nostri
744 3595 950 3660 Jourincnsis
966 3601 1014 3659 est
1029 3596 1184 3661 soluenda.
1200 3597 1354 3662 informati
1370 3600 1474 3686 siqui-

261 3703 329 3767 dem
346 3723 403 3786 pcr
421 3702 482 3768 fide
498 3703 607 3787 dignos
623 3702 810 3768 sufficienter
827 3701 970 3766 sumimus
987 3708 1019 3767 et
1030 3704 1234 3787 agnoscimus,
1252 3707 1332 3790 quod
1356 3728 1473 3793 supra·

261 3812 408 3876 dictarum
434 3810 558 3876 duarum
582 3831 749 3875 morcarum
772 3813 889 3894 argenti
912 3816 1017 3898 poneris
1044 3832 1116 3896 pars
1137 3815 1266 3898 pretatis
1282 3814 1417 3881 nominis
1442 3822 1475 3883 et

261 3919 493 3985 successoribus
504 3922 616 3984 nostrie
630 3918 765 4005 capitulo
779 3921 931 3985 antedicto
945 3926 977 3985 et
988 3923 1139 4006 prenotati
1151 3923 1289 4008 religiosi
1300 3926 1360 3990 viri
1373 3924 1474 3992 abbas

261 4035 292 4093 et
308 4028 482 4093 Conuentus
498 4038 609 4096 eunde
626 4030 737 4094 Crucis
753 4048 809 4113 pro
826 4027 978 4094 antedicta
994 4030 1112 4094 decima
1133 4032 1165 4094 in
1186 4033 1361 4121 Vopeidors
1377 4037 1473 4100 annis

260 4137 389 4222 singuiis
406 4156 464 4201 non
481 4137 551 4222 pius
563 4158 650 4224 quam
664 4137 737 4202 duas
754 4157 871 4202 marcas
888 4139 1043 4221 predictas
1059 4140 1182 4205 soluere
1197 4147 1229 4206 et
1246 4143 1474 4211 suharium»
1584 4176 1585 4181 ¹

260 4246 290 4308 in
303 4245 382 4309 testo
394 4247 493 4311 sancti
509 4246 634 4329 Georgii
652 4246 811 4330 porrigere
827 4251 980 4322 tenentur,
996 4249 1044 4313 rei
1057 4252 1216 4336 pecuniam
1231 4254 1471 4337 equiuaIentem.

261 4353 293 4416 ln
310 4355 394 4418 cuins
410 4355 454 4418 rei
471 4358 671 4420 testimoninm
696 4360 855 4439 presentes
878 4355 995 4421 litteras
1017 4365 1136 4424 nostres
1159 4363 1348 4445 appensione
1369 4365 1474 4447 sigilii

261 4465 357 4525 nostri
373 4465 517 4529 autentici
532 4464 673 4529 iussimus
689 4463 836 4528 roborari.
856 4463 961 4529 Datum
977 4468 1111 4533 onorius·
1124 4467 1198 4533 serie
1216 4476 1330 4554 quarto,
1347 4478 1423 4555 pum
1440 4475 1473 4539 in

262 4570 312 4634 die
328 4569 480 4644 Cinerum,
496 4574 581 4637 Anno
597 4572 710 4638 domini
723 4572 881 4637 Miliesimo
897 4577 1112 4641 trecentesimo
1126 4581 1323 4661 nonagesimo
1344 4589 1470 4666 quarto.

335 4695 451 4766 Origine!
465 4701 512 4754 nui
522 4700 677 4769 Pergamect
689 4699 736 4754 mit
749 4700 850 4769 Sicgcl.
