3192 5342
648 739 834 820 ccxcvi.

151 863 224 937 Μ,
244 864 283 924 lt.
301 866 390 938 11η,
411 865 498 926 vim.
511 896 549 908 -
560 866 658 922 Adero
670 866 793 939 Birrlof
804 885 861 923 oon
874 868 985 923 Parcas
1004 866 1181 940 incorporirt
1199 866 1251 922 der
1262 867 1344 922 Alter·

150 955 361 1028 licilipcrrlrrm
382 958 442 1030 esf
456 958 560 1015 Gnosi
581 958 633 1014 dor
650 958 806 1014 miton
828 958 962 1015 Urlruurle
979 956 1029 1013 des
1048 957 1342 1028 cardinal-Lepcim

382 1046 475 1104 (larido
491 1066 555 1105 von
569 1048 619 1105 30.
633 1050 705 1105 Joni
720 1048 809 1106 1350
822 1048 869 1106 die
882 1050 992 1122 Pfcrre
1003 1047 1107 1104 Aland

235 1178 382 1244 Alontas
405 1177 454 1243 dei
479 1185 510 1243 et
525 1178 694 1264 apostolico
717 1180 800 1244 sedis
817 1181 921 1262 gracia
938 1178 1109 1263 Episcopus
1125 1178 1340 1243 Putaakrrsis.

149 1286 190 1349 td
213 1288 353 1351 noticiam
374 1288 567 1371 presencium
588 1297 619 1353 et
639 1290 812 1353 memoriam
834 1288 1012 1352 futurorum.
1044 1287 1177 1352 Litteras
1193 1307 1342 1351 reueren-

150 1395 263 1459 dissimi
277 1396 307 1458 in
320 1396 432 1461 christo
446 1399 541 1482 patris
553 1404 585 1461 et
595 1398 707 1463 domini
723 1399 835 1462 domini
849 1399 1012 1469 θυὶᾰοπὶε,
1027 1399 1225 1461 miseracione
1241 1395 1342 1460 diuina

148 1504 229 1568 titulo
252 1510 357 1570 sancte
373 1505 488 1571 Cecilie
505 1507 671 1572 Presbiteri
689 1506 860 1572 cardinatis
876 1508 942 1571 eius
958 1526 1031 1570 vero
1048 1505 1149 1587 sigillo
1165 1505 1342 1590 impedeoti,

149 1620 178 1679 nt
191 1615 291 1698 prima
306 1615 473 1700 apparebat
487 1616 584 1689 facis,
601 1616 768 1700 sigillatas,
793 1637 883 1681 sanas
900 1622 931 1680 et
947 1618 1082 1699 integras
1098 1617 1239 1700 omnique
1255 1636 1344 1701 pror-

150 1743 197 1786 sus
215 1723 293 1786 mein
316 1731 348 1787 ct
363 1723 537 1807 suspicione
559 1729 700 1789 carentes
722 1723 810 1788 nobis
832 1743 887 1808 pro
911 1730 998 1809 parte
1022 1722 1204 1787 venerabilis
1220 1730 1251 1787 et
1266 1723 1342 1786 reli·

148 1832 438 1914 giosorumrirorum
451 1833 482 1895 in
494 1833 610 1897 christo
624 1832 710 1897 nobis
723 1831 901 1897 dilectorum
920 1880 928 1896 .
965 1877 973 1894 .
993 1830 1117 1895 lolam
1127 1836 1158 1895 et
1173 1835 1342 1893 conuentus

148 1940 319 2005 ltonasterii
335 1941 456 2007 Sancte
472 1942 583 2008 Crucis
604 1943 719 2007 ordinis
741 1941 982 2026 cysterciensis,
1012 1947 1115 2006 nostre
1137 1940 1341 2007 Patauieltsis

149 2048 279 2113 diocesis
295 2056 484 2131 presentatus
501 2070 536 2114 ea
553 2071 611 2134 qna
627 2051 728 2115 decuit
744 2052 923 2115 reuerencia
939 2049 1110 2133 recepimus
1128 2048 1297 2133 peremnia
1315 2048 1345 2111 in

148 2158 203 2221 hec
219 2155 324 2221 rerba.
361 2156 471 2244 (Folgt
493 2158 543 2222 die
558 2158 591 2222 S.
617 2159 701 2236 210,
717 2160 769 2222 Nr.
796 2156 884 2223 cclv
902 2157 1111 2242 abgedruckte
1127 2154 1271 2220 Urlrunde
1288 2156 1343 2220 des

151 2264 440 2347 cardinal-hegelen
458 2263 556 2331 Guido
572 2265 642 2330 ddo.
662 2267 760 2337 1350,
778 2266 833 2330 30.
852 2264 954 2352 durii.)

235 2372 309 2435 Post
325 2392 447 2456 quarum
473 2373 594 2459 quidem
617 2374 784 2439 litterarum
810 2373 1073 2459 presentacionem
1090 2379 1120 2436 et
1136 2372 1342 2456 receptionem

146 2483 253 2546 mimus
270 2501 325 2567 pro
342 2487 430 2564 parte
453 2482 599 2547 dictorum
614 2483 739 2549 Abbatis
756 2488 787 2548 et
805 2483 977 2548 conuentus
994 2481 1094 2547 debita
1112 2501 1179 2546 cum
1196 2480 1344 2543 instancia

145 2590 298 2673 requisiti,
327 2594 475 2675 quatenus
498 2592 741 2655 commissionem
764 2613 821 2677 per
843 2592 966 2656 easdem
989 2591 1107 2655 litteras
1133 2589 1219 2653 nobis
1236 2588 1344 2652 iactam

148 2701 255 2782 exequi
279 2718 464 2762 curaremus.
501 2698 564 2762 Nos
587 2701 678 2781 igitur
701 2700 839 2765 volentes
861 2702 941 2764 iuxta
958 2699 1202 2763 commissionem
1218 2698 1345 2760 eandem

145 2806 330 2890 procedere,
353 2811 382 2868 rt
399 2811 554 2881 tenemur,
579 2806 617 2870 do
634 2811 784 2871 contentis
801 2809 831 2870 in
842 2807 994 2899 predictis
1010 2806 1120 2871 litteris
1138 2805 1346 2891 inquisiuimus

144 2915 325 2998 diligenter,
347 2921 377 2978 et
393 2913 462 3000 quia
479 2919 620 2977 contenta
637 2916 667 2977 in
684 2915 759 2999 ipsis
776 2917 879 2999 preuia
897 2915 1098 3001 inquisicione
1115 2912 1216 2977 debita
1234 2912 1341 2975 iuuen-

146 3025 243 3087 nimus
259 3022 389 3087 veritate
405 3021 522 3094 fulciri,
547 3022 695 3109 uobisque
712 3023 750 3086 ob
773 3021 938 3106 supradicti
956 3022 1133 3087 ltlooasterii
1151 3020 1342 3103 hospitalita-

148 3137 207 3194 tem
236 3131 440 3202 excessiuam,
468 3149 504 3193 ac
527 3129 583 3194 alia
612 3129 671 3195 sibi
699 3130 908 3195 incumbencia
932 3151 1024 3195 onera
1052 3135 1230 3213 oportunum
1258 3129 1346 3193 ride·

148 3237 234 3302 batur
266 3246 298 3301 et
330 3237 516 3322 expediens,
549 3237 629 3322 qnod
662 3236 833 3321 subscripta
865 3240 933 3303 unio
966 3244 996 3302 et
1018 3238 1228 3322 incorporacio
1260 3256 1346 3301 suum

148 3346 284 3411 debiturn
313 3348 493 3410 sortirentur
511 3344 660 3409 effectum.
693 3344 813 3410 idcirco
831 3347 1035 3431 parochialem
1060 3346 1220 3411 ecclesiam
1242 3345 1348 3410 Sancti

149 3456 277 3539 Georgii
293 3455 323 3518 in
342 3455 435 3520 Oletlt
451 3456 569 3538 pretate
591 3461 695 3518 nostre
711 3454 840 3519 diocesis
856 3454 893 3519 ad
910 3457 1058 3521 dictorum
1074 3453 1200 3519 obtato
1217 3458 1248 3517 et
1264 3452 1345 3517 Con·

149 3571 257 3628 uentus
287 3564 547 3647 presentacionem
580 3562 654 3626 alias
686 3569 874 3646 spectantem
903 3584 970 3627 cum
998 3563 1134 3628 omnibus
1167 3561 1282 3627 iuribus
1313 3568 1345 3625 et

149 3673 348 3757 pertinenciis
364 3671 429 3736 suis
446 3670 559 3734 eisdem
571 3669 679 3734 Abbati
696 3677 727 3735 et
739 3668 909 3736 Conuentui
925 3676 956 3736 et
972 3693 1028 3756 per
1041 3672 1127 3756 ipsos
1144 3671 1225 3736 dioto
1243 3690 1347 3735 eorum

150 3781 336 3845 monasterio
359 3781 540 3844 auctoritate
561 3778 648 3843 nobis
670 3781 700 3842 in
723 3780 780 3844 hac
796 3786 885 3865 parte
901 3780 1009 3844 tradita
1026 3781 1141 3844 rnimus
1158 3788 1189 3843 ot
1205 3780 1348 3863 incorpo-

151 3909 250 3953 ramus
278 3908 315 3952 ac
337 3889 563 3973 inperpetuum
580 3890 766 3951 annectimus
784 3907 841 3970 per
857 3893 1035 3972 presentes,
1063 3889 1106 3952 lta
1121 3886 1200 3971 qnod
1217 3887 1348 3951 cedente

151 3997 197 4059 rel
221 3996 391 4061 decedente
418 4004 539 4060 rectore
565 3996 662 4080 ipsius
682 3995 813 4060 ecclesie
829 3997 927 4061 sancti
945 3994 1090 4079 Georgii,
1118 3997 1169 4080 qui
1193 4016 1271 4060 nunc
1287 4001 1346 4068 est,

153 4105 199 4169 rel
215 4107 311 4168 eciam
335 4104 441 4169 eadem
459 4105 706 4191 quotiescumque
729 4104 787 4167 alio
804 4104 890 4168 modo
908 4110 1033 4168 vacante
1054 4104 1146 4168 liceat
1162 4104 1207 4167 eis
1231 4109 1261 4167 et
1276 4123 1347 4167 suc-

155 4213 326 4278 cessoribus
339 4214 414 4286 suis,
431 4214 482 4297 qui
498 4233 553 4297 pro
569 4219 708 4297 tempore
726 4213 848 4289 tuerint,
865 4220 1057 4278 memoratam
1070 4211 1230 4276 ecelesiam
1244 4209 1349 4274 Sancti

157 4320 277 4405 Georgii
305 4343 372 4386 cnm
389 4323 527 4386 omnibus
543 4319 660 4386 iuribus
684 4329 714 4384 et
731 4321 932 4404 pertinenciis
947 4323 1011 4385 suis
1028 4329 1058 4385 et
1074 4319 1260 4404 corporalem
1278 4339 1350 4403 pos·

157 4431 322 4495 sessionem
350 4430 445 4517 ipsius
473 4429 592 4512 ingredi
618 4449 653 4493 ao
677 4429 773 4492 eciam
798 4427 894 4492 libere
918 4429 1150 4513 apprehendere
1171 4432 1202 4493 et
1229 4434 1348 4501 tenere,

159 4537 308 4625 ipsiusque
324 4540 460 4611 fructus,
483 4536 619 4601 redditus
636 4544 666 4600 et
681 4541 846 4620 prouentus
863 4537 891 4600 in
909 4538 1050 4621 proprios
1066 4558 1138 4601 rsus
1156 4544 1349 4607 conuertere,

160 4664 303 4711 consensu
333 4646 458 4712 alterius
486 4647 703 4732 cuiuscumque
735 4644 856 4709 minime
883 4646 1040 4730 requisito.
1087 4646 1233 4720 Prouiso,
1266 4644 1346 4728 quod
