3192 5342
268 469 345 542 402

264 645 391 727 erigere
406 642 453 707 nei
469 649 653 729 extorquere
668 652 831 731 presumat
856 644 902 709 Ad
917 646 976 711 boc
991 644 1103 711 liberas
1124 654 1156 713 et
1172 645 1325 711 absolutas
1341 646 1457 712 mutie-

265 775 327 827 res,
342 775 360 817 a
376 752 479 818 seculo
496 753 658 836 fugientes,
674 755 766 820 liceat
782 755 869 821 nobis
884 754 922 820 ad
939 757 1167 821 conuersionen
1181 756 1322 842 recipere
1343 765 1374 821 et
1396 776 1453 820 eas

263 862 379 947 absque
405 859 642 927 contradictione
665 863 764 949 aliqua
786 864 929 930 retinere.
954 864 1151 930 Probiberuus
1166 866 1303 949 insuper,
1328 871 1360 930 nt
1376 863 1453 930 nulli

264 991 400 1036 sororum
416 976 582 1036 uestrarum
597 978 666 1056 post
682 973 792 1038 tactam
807 974 838 1038 in
850 973 1034 1039 idonasterio
1050 980 1154 1040 uestro
1166 975 1387 1060 professionem
1404 974 1453 1037 tas

265 1080 315 1154 sit,
329 1079 445 1166 absque
456 1079 608 1145 abbatisse
619 1102 676 1146 sne
687 1082 820 1154 lieentia,
835 1082 875 1147 de
890 1081 996 1147 mem
1012 1081 1079 1147 ioco
1096 1082 1267 1148 disoedere.
1283 1081 1455 1147 disceden-

263 1195 324 1254 teua
352 1209 425 1255 nero
452 1188 567 1274 absque
588 1191 784 1256 communium
807 1191 972 1256 litterarum
995 1197 1163 1256 nesta-arnna
1186 1192 1325 1256 untione
1352 1191 1453 1256 nntius

265 1300 373 1364 audeat
386 1300 530 1363 retinere.
554 1299 630 1364 Illud
651 1299 820 1365 districtius
835 1299 1023 1373 inhibentes,
1045 1320 1084 1363 ne
1104 1306 1204 1365 terras
1225 1322 1282 1365 sen
1296 1299 1454 1386 quodlibet

264 1407 442 1473 benetieinrn
470 1408 602 1472 ecclesie
629 1412 731 1473 nestre
758 1408 899 1473 collatum
926 1407 1018 1472 liceat
1039 1409 1129 1474 abnui
1150 1409 1352 1493 personaliter
1372 1411 1452 1481 dari,

265 1519 331 1583 sine
348 1519 406 1583 alio
420 1517 509 1583 modo
524 1517 648 1582 alienari
670 1516 785 1604 absque
801 1538 950 1584 eumenen
970 1518 1069 1584 tocius
1085 1516 1232 1604 Capituli,
1253 1519 1303 1584 nei
1327 1519 1452 1583 maioris

264 1634 315 1692 ant
340 1627 470 1692 sanioris
497 1627 592 1711 partis
619 1627 724 1711 ipsine.
749 1628 784 1692 Si
809 1648 868 1712 qne
891 1645 964 1692 nere
986 1626 1163 1693 donationes
1183 1626 1234 1692 nel
1249 1626 1450 1692 alienationes

262 1737 366 1811 aliter,
391 1756 478 1821 qnam
501 1735 614 1801 dictum
640 1741 703 1809 est,
731 1736 810 1801 facte
832 1738 961 1810 foedat,
987 1757 1040 1802 eas
1061 1737 1163 1801 irritae
1184 1757 1255 1801 esee
1278 1756 1452 1804 memus.

261 1846 388 1931 lusnper
403 1844 579 1909 anctoritate
595 1845 760 1929 apostoliea
775 1845 954 1919 inbibernne,
969 1867 1008 1910 ue
1022 1845 1102 1911 utine
1118 1846 1288 1930 episeopus,
1310 1845 1358 1908 nei
1375 1865 1453 1928 qne·

262 1954 338 2021 libet
353 1955 410 2019 alia
422 1973 550 2039 persona
567 1951 604 2018 ad
620 1953 743 2019 enodes
760 1953 810 2019 nel
826 1960 992 2021 conuentus
1009 1956 1147 2019 toremes
1162 1975 1218 2018 uos
1232 1954 1289 2030 ire,
1305 1953 1354 2023 uei
1369 1952 1450 2018 indi·

262 2064 310 2129 cio
337 2064 466 2129 seculari
490 2062 530 2126 da
551 2068 653 2127 uestra
674 2067 798 2148 propria
819 2064 987 2129 substantia
1009 2062 1060 2130 nel
1075 2061 1320 2149 possessionibus
1337 2062 1451 2126 caenis

260 2174 421 2238 subiacere
435 2169 609 2257 compellat,
627 2190 683 2236 nec
699 2171 737 2235 ad
754 2171 860 2237 domos
876 2179 1004 2246 nemas,
1021 2192 1113 2237 cansa
1128 2171 1250 2237 ordines
1261 2170 1451 2243 celebrandi,

263 2302 370 2348 causas
386 2280 550 2354 nactandi,
578 2280 627 2345 uel
649 2287 814 2346 conumtne
836 2280 952 2368 abnuas
966 2280 1104 2367 publicus
1119 2279 1304 2346 conuceandi
1318 2328 1328 2352 ‚
1343 2278 1452 2343 uenire

260 2397 425 2477 presumat,
441 2410 499 2456 nec
514 2389 686 2474 regularem
701 2389 881 2455 electionem
896 2388 1050 2455 abbatisse
1065 2394 1169 2455 nenne
1183 2388 1327 2473 impediat
1342 2394 1394 2453 aut
1409 2386 1450 2452 de

260 2500 445 2566 instituenda
462 2499 510 2565 nei
527 2499 711 2565 senonensia
728 2520 774 2571 ea,
792 2519 851 2584 qne
865 2519 922 2584 pro
938 2508 1075 2585 ternpore
1091 2499 1201 2572 tuerit,
1216 2504 1320 2563 centn
1336 2503 1450 2562 statuta

261 2610 470 2676 cisterciensis
486 2609 602 2673 ordinis
623 2628 657 2673 se
672 2609 859 2693 aliqnateuue
881 2609 1065 2674 intromittat
1090 2608 1147 2673 Pro
1169 2605 1451 2674 consecrationibus

259 2740 333 2785 nero
355 2718 492 2785 altarium
515 2717 564 2784 uel
591 2716 809 2788 ecelesiarum,
836 2718 904 2782 aine
925 2738 981 2802 pro
1007 2716 1077 2783 oleo
1097 2722 1218 2790 nuno,
1244 2716 1293 2781 nei
1313 2714 1452 2801 quotibet

260 2828 472 2894 ecclesiastico
489 2831 677 2891 sacramento
694 2825 792 2891 unitus
808 2846 825 2889 a
841 2824 929 2891 nobis
939 2825 997 2892 snb
1009 2825 1132 2892 obtentu
1146 2825 1381 2897 consuetudinis,
1398 2824 1450 2888 nei

261 2937 319 3003 alio
337 2937 473 3024 quolibet
488 2938 577 3003 modo
593 2937 753 3023 quicquam
769 2935 879 3001 audeat
889 2941 1080 3022 extorquere,
1095 2937 1152 3001 sed
1164 2935 1222 3001 hec
1238 2936 1338 3000 omnia
1352 2935 1451 3018 gratis

261 3046 348 3113 nobis
365 3047 528 3132 episcopus
545 3045 723 3111 diocesanus
743 3046 906 3131 impendat.
947 3044 1063 3128 Quodsi
1086 3047 1178 3112 sedes
1201 3044 1357 3111 diocesani
1381 3044 1451 3128 epi-

263 3159 349 3244 scopi
366 3158 445 3223 torte
460 3156 625 3230 naconerit,
640 3156 761 3220 interim
773 3156 872 3221 onnia
884 3155 1093 3222 ecclesiastica
1105 3160 1291 3220 nannents
1308 3173 1326 3217 a
1340 3153 1451 3217 uicinis

259 3267 412 3352 episcopis
428 3269 569 3351 accipere
584 3264 679 3331 iibere
694 3271 725 3330 et
739 3265 855 3350 absque
869 3263 1110 3331 contradictione
1125 3264 1258 3349 possitis,
1274 3263 1321 3327 sic
1337 3266 1451 3333 buren,

260 3381 294 3440 ut
309 3396 345 3441 ox
360 3375 419 3440 boc
431 3376 462 3439 iu
478 3380 633 3460 posteram
648 3375 781 3460 propriis
797 3375 950 3460 episcopis
966 3374 1077 3439 nullum
1099 3371 1298 3458 preindicinsn
1313 3389 1450 3453 genere-

260 3490 319 3551 tur.
344 3486 438 3552 Porro
454 3486 480 3551 si
496 3484 651 3570 episcopi,
673 3483 723 3550 nei
745 3482 797 3548 aiii
813 3483 1007 3549 eeclesiarum
1029 3488 1167 3548 rectores
1188 3484 1219 3545 in
1235 3481 1451 3546 bionaaterinrn

259 3602 404 3668 noenum,
417 3596 467 3661 nel
478 3614 624 3682 personae
640 3594 714 3659 inibi
730 3595 921 3667 constitutas,
935 3593 1152 3679 suspensionis,
1165 3589 1452 3656 excomunicatiouie

260 3706 310 3771 nei
326 3706 481 3771 interdicti
497 3705 678 3770 seutentiam
694 3702 965 3789 promulgauerint,
983 3704 1050 3768 sine
1064 3704 1155 3768 etiarn
1176 3704 1207 3767 in
1222 3697 1452 3765 mercennarios

260 3821 380 3881 nestros
396 3834 452 3901 pro
469 3834 516 3887 en,
533 3813 613 3899 quod
629 3813 774 3885 decimas,
797 3812 878 3877 sicut
892 3810 1005 3877 dictum
1021 3816 1086 3883 est.
1113 3830 1173 3875 nou
1188 3808 1378 3894 persolnitis,
1395 3826 1453 3870 sen

261 3923 360 4010 aliqua
377 3922 538 3988 wensinus
553 3942 673 3996 eornm,
696 3941 755 4006 qne
776 3920 813 3985 ab
835 3919 1001 4006 apostolica
1015 3918 1204 4003 benignitate
1226 3916 1314 3982 nobis
1335 3914 1452 3980 indulta

259 4041 339 4107 snut,
356 4053 412 4098 sen
427 4031 640 4097 benefactores
656 4036 776 4097 nestros
790 4050 846 4115 pro
861 4049 911 4103 eo,
924 4026 1003 4114 qnod
1019 4028 1058 4093 ob
1073 4026 1170 4114 aliqua
1186 4024 1274 4091 nobis
1289 4024 1452 4098 beneficia,

258 4143 307 4208 nei
323 4142 470 4228 obsequie
486 4140 683 4227 prestiterim,
699 4160 737 4205 ex
752 4139 879 4204 caritate
894 4137 944 4203 nei
960 4136 1207 4203 adlaborandum
1228 4133 1402 4201 adinneriut
1417 4135 1449 4198 in

258 4253 318 4318 illis
334 4252 453 4325 diem
469 4253 500 4317 in
517 4248 625 4336 quibus
649 4295 882 4316 .....
927 4264 930 4269 ’
930 4290 1451 4316 ..........

255 4468 396 4543 babeant
412 4489 487 4554 quas
503 4470 593 4534 tacito
610 4468 730 4533 nornine
760 4509 1450 4535 .............

329 4613 448 4684 Originis!
461 4613 509 4670 ant
516 4613 682 4683 Pergament,
703 4612 765 4667 sebr
782 4608 942 4674 sebadbait3
960 4608 1009 4663 der
1021 4610 1116 4661 untere
1130 4605 1205 4661 'l'beit
1220 4605 1310 4661 dieser
1320 4605 1453 4661 Urknnde

257 4704 328 4760 deblt
345 4721 420 4775 gaas
