3192 5342
270 498 348 573 372

267 693 387 758 aygner
401 673 514 756 losigel
531 672 631 737 baben
647 673 706 737 rud
731 673 855 738 darrmb
884 694 920 737 ae
943 674 1044 737 einem
1071 672 1200 737 arelaunt
1228 672 1286 737 rud
1314 693 1351 736 ze
1379 673 1471 736 einer

267 782 435 847 sicherhait
450 782 505 845 der
521 780 686 864 wandlnng
707 780 806 845 haben
829 782 886 845 wir
910 781 961 846 die
984 781 1096 845 erbern
1123 780 1182 845 aad
1210 780 1262 844 die
1278 779 1468 844 bosehaiden

267 910 366 962 mann,
382 890 476 954 lieren
494 892 671 956 Iarmotzen
688 891 860 955 deallatter
876 889 935 953 rnd
949 890 1025 954 hera
1039 890 1207 956 Vlreioden
1222 889 1470 955 denSluaimtzer

267 1016 325 1080 gar
335 996 515 1062 fleiaieleielr
532 1004 676 1083 gepeten,
688 997 744 1062 daz
762 998 808 1062 sie
821 998 877 1063 dor
891 1000 965 1063 saed
981 1018 1112 1082 gerewg
1124 999 1194 1063 sind
1206 999 1260 1061 mit
1271 999 1337 1061 iren
1348 996 1468 1062 anhan-

268 1106 391 1188 gaudeo
408 1107 559 1190 insIgeln,
574 1106 606 1170 in
623 1128 660 1170 an
676 1105 819 1170 aehaden.
840 1106 942 1170 Vnder
972 1105 1134 1171 dersellien
1157 1106 1285 1188 insigiln
1298 1105 1469 1190 rerpiaden

268 1215 326 1276 wie
340 1236 395 1279 vus
411 1214 471 1278 alle
485 1214 750 1295 gemaimehleion
765 1214 816 1279 die
831 1234 886 1279 vor
901 1235 938 1277 an
952 1214 1028 1279 dem
1044 1215 1109 1279 bril
1119 1214 1319 1287 loenantsiud
1336 1235 1374 1278 an
1391 1213 1470 1277 alles

269 1340 365 1403 gener
386 1321 460 1386 alles
477 1323 532 1387 das
548 1328 609 1387 stet
630 1344 668 1386 au
683 1322 784 1387 haban
808 1322 868 1387 rud
883 1342 920 1386 zo
943 1323 1070 1394 laisten,
1094 1323 1150 1387 daz
1174 1322 1253 1387 oben
1268 1344 1307 1387 an
1321 1322 1390 1386 dem
1408 1321 1476 1384 bril

267 1430 452 1513 gesehrilsen
465 1432 524 1495 rud
535 1451 738 1513 ausgenomen
749 1431 799 1495 ist
817 1430 881 1494 Der
895 1429 960 1494 brif
970 1432 1012 1495 ist
1023 1430 1124 1514 gehen
1136 1430 1212 1495 oaelr
1222 1429 1336 1493 Christi
1347 1428 1469 1514 geliurd

269 1537 466 1602 drewtzeheu
482 1536 615 1602 huudert
629 1539 691 1610 iar,
716 1537 770 1602 dar
786 1537 865 1602 nauh
886 1539 916 1601 in
938 1538 1008 1603 dem
1031 1538 1111 1602 lumi
1123 1538 1180 1602 rad
1197 1537 1389 1620 achtaigsteu
1407 1539 1469 1609 iar,

269 1646 326 1711 dea
342 1648 478 1729 lreytags
494 1647 571 1711 nacla
587 1644 662 1711 saud
679 1646 813 1710 Thomas
828 1651 881 1728 lag
897 1647 953 1711 dez
970 1646 1101 1730 heiligen
1118 1640 1332 1730 zwelillpdten.

344 1769 462 1841 original
474 1768 523 1823 aul
533 1770 691 1840 Pergameni
703 1768 751 1823 mit
763 1770 848 1824 einen
860 1769 963 1840 Siegsl,
975 1769 1025 1825 das
1036 1771 1131 1825 ruoilo
1143 1771 1219 1826 lslrlt.

758 1896 976 1978 CCCXVIII.

267 2022 347 2096 1³⁸0,
366 2023 409 2082 2⁵.
429 2024 495 2096 lat,
514 2024 617 2083 Gelu
644 2056 678 2065 —
704 2024 793 2080 usin
810 2025 900 2096 Pupst
923 2023 1043 2080 Urdun'a
1065 2025 1110 2079 Vl.
1137 2042 1176 2079 aro
1196 2023 1252 2079 olen
1269 2023 1396 2097 Biselof
1414 2041 1472 2078 von

268 2117 388 2178 Pusaeus,
400 2116 492 2171 morin
505 2134 538 2171 er
550 2115 600 2170 idn
612 2114 785 2188 danastrum,
806 2116 853 2171 die
864 2115 1084 2186 Aspelepruneit
1104 2115 1157 2170 der
1168 2114 1398 2188 Incorporiraony
1417 2113 1474 2168 der

269 2206 378 2277 Psarre
396 2205 492 2261 illaad
508 2224 564 2263 aur
581 2206 665 2262 Adtei
682 2206 901 2276 Ileilipenkreaa
919 2205 1093 2276 Μινδίῳ
1111 2223 1148 2260 ιι
1176 2206 1381 2267 nutantem
1399 2203 1473 2265 aad,

316 2312 399 2352 menn
410 2296 476 2351 teia
488 2295 620 2352 Austmd
631 2295 767 2359 nunu,
780 2314 834 2352 ω
845 2296 1022 2371 plpaetlieler
1037 2295 1194 2351 Vultum
1205 2311 1244 2349 zu
1256 2294 1421 2364 deditium.

363 2408 507 2473 Urbanus
528 2407 692 2490 episeopus
713 2406 830 2471 Seruus
851 2427 1007 2472 seruorum
1029 2407 1089 2471 dei
1118 2405 1292 2471 Venerabili
1314 2404 1402 2468 fratri
1428 2451 1436 2468 .
1463 2452 1472 2467 .

269 2514 422 2599 Episcopo
450 2515 640 2581 Putuaiensi
661 2514 795 2580 Salutem
818 2521 850 2580 et
873 2515 1070 2600 apostolieum
1091 2514 1341 2579 benedictionem·
1371 2513 1475 2577 Saere

268 2624 449 2708 religionis,
465 2622 522 2688 sul)
540 2642 598 2707 qua
614 2622 720 2688 dileeti
736 2623 789 2687 lilii
805 2623 906 2689 ollibus
923 2630 955 2688 et
970 2623 1143 2688 Conuentus
1159 2622 1335 2688 Ilonasterii
1349 2622 1477 2687 Sancte

271 2733 383 2797 Crneia
395 2734 424 2795 in
441 2732 583 2805 Austris,
600 2730 815 2796 Cistereiensis
832 2731 958 2804 ordinis,
976 2731 1163 2796 Patauiensia
1180 2732 1313 2797 diocesis
1329 2730 1477 2794 deuotum

270 2845 302 2902 et
318 2839 456 2903 sedulum
473 2839 617 2904 exhibent
632 2838 753 2905 domino
770 2840 953 2917 famulatum,
970 2845 1162 2922 promeretur
1174 2839 1327 2915 honestos,
1343 2845 1377 2903 ut
1392 2840 1478 2904 uotis

269 2967 373 3011 eorum
400 2946 461 3012 illis
483 2949 663 3032 presertim,
698 2968 755 3032 per
777 2968 837 3033 que
858 2948 931 3013 dieti
946 2947 1120 3012 Ilouasterii
1144 2947 1258 3012 utilitas
1279 2953 1478 3033 procuratur,

271 3054 477 3119 fauorabiliter
503 3076 678 3121 annuamus.
719 3055 858 3120 Exhibita
885 3054 1034 3141 siquidem
1060 3055 1147 3120 nolois
1175 3076 1273 3140 nuper
1299 3078 1355 3141 pro
1382 3062 1478 3140 parte

270 3164 419 3228 dictorum
435 3162 559 3228 Abbatis
575 3170 607 3227 et
620 3161 791 3229 Conuentus
808 3163 917 3247 petitio
943 3163 1131 3236 continebat,
1159 3162 1238 3249 quod
1256 3163 1326 3228 olim
1342 3170 1477 3249 accepto

266 3271 424 3356 perbone
450 3274 596 3337 memorie
625 3273 800 3338 &aidum
817 3272 998 3356 Episcopum
1026 3272 1250 3344 Permissum,
1277 3278 1350 3337 tune
1379 3274 1475 3337 titulo

270 3385 374 3444 saneta
389 3379 505 3445 Caeilie
518 3380 720 3466 presbiterum
737 3379 928 3446 Cardiualem
946 3386 978 3444 et
1000 3381 1030 3443 in
1055 3379 1190 3462 partious
1217 3380 1279 3445 illis
1296 3379 1473 3464 apostoliee

266 3487 352 3553 sedis
369 3490 515 3570 legatum,
535 3491 614 3575 quud
630 3496 757 3575 propter
772 3508 911 3573 magnam
925 3489 1126 3574 frequentiam
1142 3488 1294 3572 hospitum
1315 3496 1377 3552 tam
1393 3510 1475 3573 pau-

266 3616 372 3679 perum
389 3617 475 3681 quam
492 3598 618 3662 aliorum
635 3599 786 3683 adipsum
803 3596 1019 3660 Ilonasterium
1034 3616 1090 3680 pro
1107 3603 1245 3680 ternpore
1257 3596 1475 3661 confluentium

272 3723 361 3788 quam
376 3705 449 3768 alias
465 3706 541 3788 Ipsis
558 3725 594 3769 er
609 3704 769 3777 tractibus,
791 3704 961 3769 redditibus
985 3712 1018 3769 et
1039 3702 1241 3787 prouentilsus
1264 3704 1338 3768 dieti
1363 3705 1475 3768 Iloua-

267 3814 367 3885 sterii,
384 3833 443 3897 que
459 3817 547 3877 erant
562 3819 671 3877 tennes
687 3818 718 3876 et
734 3812 840 3885 exiles.
852 3830 989 3894 congrue
1000 3813 1163 3875 sustentari
1177 3817 1210 3875 et
1221 3811 1279 3875 alia
1292 3814 1338 3876 eia
1349 3812 1476 3877 inoum·

267 3919 370 3984 beotia
386 3939 478 3985 onera
495 3921 652 3986 commode
668 3929 851 4005 supportare
875 3920 1056 4005 nequibant,
1082 3919 1180 3984 dietus
1203 3920 1374 4005 Episcopus
1396 3927 1475 3986 tune

269 4025 388 4110 legatus
404 4027 557 4113 Episcopo
574 4029 763 4094 Putauienai
783 4047 838 4112 pro
855 4036 926 4093 tune
950 4028 1091 4092 existenti
1104 4029 1170 4092 elus
1187 4030 1313 4111 proprio
1336 4031 1474 4102 nomine,

270 4155 327 4199 non
356 4157 502 4221 expresso
519 4137 698 4203 anctoritate
714 4158 769 4201 sue
786 4137 946 4220 legationis
969 4156 1025 4219 per
1052 4157 1122 4200 suas
1150 4137 1231 4199 iuter
1258 4143 1361 4201 cetera
1383 4137 1476 4203 dedit

267 4242 385 4307 litteras
402 4245 433 4308 in
449 4246 605 4318 mandatis,
623 4251 656 4308 ut
672 4246 737 4328 ipse
753 4246 924 4328 Episeopus
942 4243 1131 4308 Patauiensis
1153 4245 1192 4308 de
1214 4246 1373 4329 premissis
1398 4245 1474 4309 dili-

265 4358 376 4434 genter
392 4353 560 4435 inquireret
575 4359 621 4425 et,
653 4355 680 4417 si
708 4374 764 4436 per
791 4353 1015 4438 inquisitionem
1041 4353 1214 4417 huiusmodi
1236 4356 1407 4437 reperiret,
1433 4375 1474 4419 ea

267 4461 396 4525 uerItate
410 4461 520 4535 fulciri,
537 4461 756 4546 parrochialem
772 4461 933 4526 ecelesiam
950 4462 1053 4526 Saneti
1071 4461 1196 4545 Georgii
1214 4461 1252 4526 de
1270 4463 1370 4528 Alcen
1385 4464 1475 4528 diete

266 4569 408 4642 dionesie,
426 4592 485 4655 que
502 4572 538 4634 ad
554 4574 811 4654 presentatIonem
828 4571 976 4635 dietorum
991 4570 1117 4635 Iobatis
1142 4574 1174 4634 et
1190 4571 1363 4636 Conuentus
1381 4593 1473 4637 eom·

266 4677 396 4739 muniter
412 4677 572 4758 spectabat
598 4684 629 4741 et
653 4684 789 4761 spectat,
817 4678 915 4743 eidem
931 4679 1115 4744 Idonasterio
1143 4684 1294 4762 perpetuo
1322 4682 1412 4746 unire
1437 4688 1475 4743 et
