3192 5342
1230 489 1307 560 329

128 678 178 745 poe
193 659 318 742 partium
337 658 517 729 uiciniores‚
540 660 691 724 rectiores
709 665 740 725 et
756 663 997 746 apparenciores
1015 669 1111 725 metas
1129 663 1315 736 ostenderet,

127 767 255 832 uiderent
271 773 302 830 et
318 767 483 851 diligenter
499 775 639 834 notarent
655 776 686 833 et
703 772 842 855 partibus
858 772 955 856 ipsius
972 774 1199 856 possessionum
1216 793 1314 837 ream-

128 875 301 948 lulacionis,
325 883 471 941 metarum
488 878 713 951 institucionis,
739 881 947 944 estimacionis
970 885 1001 946 et
1023 881 1208 945 statuitionis
1226 881 1315 946 finem

128 1003 185 1048 eum
200 984 295 1048 totius
315 986 389 1049 tecti
410 1004 574 1068 processu,
604 993 694 1071 prout
710 987 743 1051 nr
758 987 948 1074 expediens,
976 988 1102 1053 Domino
1121 996 1223 1054 nostro
1239 991 1315 1073 Regi

128 1093 159 1156 ad
172 1100 308 1158 octauam
336 1095 408 1158 testi
431 1096 511 1159 beati
527 1096 655 1179 Georgii
675 1099 815 1184 Martyris
838 1103 910 1162 tunc
932 1099 1082 1163 uenientis
1099 1096 1230 1163 fideliter
1247 1119 1314 1163 res-

18 1200 20 1219 '
127 1200 217 1265 enlet
232 1200 402 1285 Capitulum
420 1205 615 1269 antedictum.
640 1208 775 1271 Tandem
798 1208 875 1290 ipsis
903 1206 940 1271 ad
964 1209 1073 1270 festum
1091 1207 1171 1272 locati
1190 1207 1314 1289 Georgii

126 1309 299 1374 instantibus
314 1311 422 1375 Fratre
445 1320 532 1376 antea
555 1315 672 1398 pretato
690 1316 817 1379 Domino
836 1316 1005 1382 Colonrono
1021 1316 1137 1380 Abbete
1160 1337 1227 1381 cum
1245 1336 1317 1401 pro·

126 1420 281 1483 curatoriis
309 1420 421 1484 litteris
443 1423 544 1486 missis
567 1421 604 1485 ab
620 1443 692 1497 una,
717 1425 788 1487 item
806 1426 952 1507 magister
970 1426 1127 1495 Celusius,
1146 1423 1316 1489 Canonicus

125 1527 253 1591 ecclesie
267 1528 464 1601 Juure'ensis,
488 1550 542 1614 pro
561 1535 720 1605 annotato,
745 1533 917 1621 Greporio,
940 1531 1001 1596 filio
1018 1534 1135 1603 Belud,
1159 1553 1225 1596 cum
1243 1553 1316 1615 pro-

126 1639 280 1703 curatoriis
295 1638 408 1703 litteris
426 1640 499 1704 dictl
513 1643 658 1728 Capituli
666 1642 849 1708 ,lauriensie
865 1650 952 1726 parte
968 1641 1005 1704 alo
1022 1642 1128 1713 altera,
1145 1642 1315 1709 adnostros

125 1748 278 1811 uenientes
302 1749 511 1831 presentiens,
539 1747 658 1813 litteras
684 1750 840 1812 memorati
858 1748 1002 1836 Capituli
1020 1750 1204 1816 Jouriensie
1225 1770 1318 1833 super

125 1857 278 1941 premissis
301 1857 427 1923 Domino
449 1857 561 1920 Nostro
588 1857 665 1940 Regi
687 1845 934 1941 inscriptionales
956 1859 1096 1942 utrinque
1124 1857 1213 1922 uobis
1242 1878 1317 1942 pre·

125 1968 228 2036 stans,
252 1963 441 2029 declarantes
458 1965 537 2029 inter
554 1971 674 2040 cetera,
699 1956 779 2052 qdod
796 1966 896 2049 ipsum
912 1964 1079 2050 Capitulum
1095 1966 1228 2050 receptis
1244 1985 1316 2049 pre-

125 2071 210 2136 dictis
229 2072 340 2136 litteris
362 2074 474 2136 nostris
491 2072 720 2137 adiudicatoriis
736 2074 815 2138 iuxta
833 2074 1005 2138 earumdem
1023 2074 1242 2139 continenciam
1259 2093 1317 2139 una
1364 2148 1380 2171 ,

127 2200 187 2244 eum
203 2180 348 2252 Simone,
367 2181 428 2245 urio
444 2183 540 2247 Pauli
555 2184 594 2246 de
609 2183 743 2254 Zeleste,
761 2183 912 2246 dominum
928 2184 1102 2255 Joannenr,
1126 2183 1317 2248 sacerdotem

127 2310 177 2375 pro
193 2295 283 2373 parte
299 2291 393 2373 ipsius
408 2291 558 2378 &effoeti
572 2292 695 2361 actoris,
712 2293 784 2354 item
802 2311 869 2355 cum
879 2291 1029 2357 Matnoeo
1045 2293 1086 2357 de
1097 2293 1206 2365 detta,
1222 2293 1320 2374 magi-

127 2406 215 2463 strum
252 2399 438 2487 Georpium,
474 2400 710 2463 concanonicum
740 2400 874 2482 ipsorum
902 2419 957 2485 pro
991 2406 1078 2483 parte
1106 2400 1178 2466 dicti
1208 2400 1318 2464 domini

125 2504 248 2570 abbatis
258 2507 287 2569 iu
302 2526 392 2570 causa
402 2508 522 2570 attracti
535 2506 704 2571 hominibus
714 2508 808 2590 regiis
822 2507 958 2571 homines
970 2509 1104 2593 ipsorum
1117 2509 1154 2572 ad
1168 2528 1320 2593 exequen-

126 2616 190 2679 dum
207 2617 358 2700 promissa
375 2634 430 2699 pro
445 2615 630 2680 testimoniis
646 2622 868 2702 naussumptcs
885 2615 945 2681 fide
962 2617 1087 2701 dignos,
1116 2618 1168 2702 qui
1183 2623 1318 2701 postmo-

126 2725 192 2789 dum
208 2724 249 2788 ed
266 2726 363 2807 ipsum
380 2720 549 2808 Capitulum
566 2728 684 2791 reuersi
702 2726 802 2791 eidem
819 2725 1015 2792 concorditer
1029 2725 1220 2798 retulissent,
1238 2726 1318 2810 quod

126 2835 179 2917 ipsi
193 2834 226 2896 in
243 2831 334 2896 dictis
347 2830 471 2896 Octauio
488 2832 547 2897 diei
563 2835 665 2898 medie
677 2834 916 2917 Quadmgesime
932 2835 969 2898 ad
985 2835 1081 2898 iacies
1094 2834 1317 2917 possessionum

130 2942 251 3007 Weliud
272 2946 304 3005 et
327 2942 509 3026 Ftcrufolua
531 2949 702 3007 uocatarum
725 2944 833 3009 uicinis
857 2950 888 3007 et
907 2943 1121 3008 commetaneis
1143 2942 1316 3006 eorumdem

124 3050 184 3117 illic
200 3051 337 3135 legitime
359 3052 550 3124 conuocatis,
579 3052 678 3118 dictos
705 3054 875 3140 Greporr‘o,
899 3052 961 3117 fllio
983 3052 1100 3119 Beliud
1119 3072 1174 3135 pro
1198 3051 1317 3135 prelato

123 3179 193 3223 uero
207 3159 318 3223 Fratre
331 3159 522 3225 Colomcnno
537 3158 663 3234 abbate,
680 3161 834 3243 Religioso
848 3161 925 3234 uiro,
941 3159 1048 3224 Fratre
1060 3159 1196 3236 Joonne,
1212 3159 1317 3223 Priore

123 3274 151 3332 et
176 3268 314 3352 legitimo
343 3277 540 3352 procuratore
564 3271 699 3336 eiusdem
730 3269 923 3356 presentibus
951 3270 1156 3334 accessissent
1184 3275 1215 3332 et
1238 3269 1316 3333 hanc

123 3377 231 3441 dictam
255 3379 481 3461 possessionem
504 3380 630 3445 Wetiud
655 3380 785 3463 predicti
810 3381 922 3445 actoris
946 3384 1065 3463 aparte
1081 3378 1177 3461 ipsius
1193 3397 1316 3461 posses·

122 3485 217 3549 sionis
233 3487 414 3570 Funasuluu
430 3487 511 3551 iuxta
528 3486 816 3552 determinacionem
833 3487 966 3552 annotati
978 3486 1136 3575 Grepore‘i,
1154 3484 1320 3551 filiiBelud

123 3593 178 3658 lroc
201 3593 289 3656 modo
313 3593 567 3668 reambulassem,
594 3596 677 3680 quod
700 3598 796 3680 primo
820 3598 1006 3680 incepissent
1021 3596 1050 3657 io
1067 3594 1196 3678 quodam
1212 3613 1317 3676 campo

122 3701 254 3784 pascuali
282 3721 390 3766 uersus
413 3704 639 3785 possessionem
658 3705 758 3770 Galus
784 3709 941 3771 uocatam,
969 3701 1018 3767 ubi
1040 3701 1118 3764 idem
1145 3701 1317 3789 Greporiue

18 3824 20 3873 t
123 3815 185 3873 tres
197 3816 294 3875 metas
306 3818 425 3874 terreas
437 3811 633 3884 ostendisset,
644 3812 877 3896 quasMutlrias,
892 3812 970 3876 filius
983 3811 1111 3877 Wedecls
1122 3810 1315 3881 etJounnes,

122 3919 199 3984 ilius
210 3921 330 3986 Berlut
347 3939 406 3983 non
416 3940 471 4004 pro
484 3919 630 4003 predictis
643 3922 888 4007 possessionibus
901 3921 1179 4007 ipsarumparcium,
1193 3918 1247 3983 sed
1261 3939 1316 4003 pro

122 4028 224 4094 eadem
242 4030 440 4113 possessione
457 4029 589 4114 ipsorum
608 4031 708 4097 Galate
730 4030 953 4118 distinquentes
975 4032 1080 4094 iecere
1104 4028 1317 4099 asseruissent,

18 4228 19 4231 Ἴ
122 4158 195 4223 quas
211 4141 301 4203 etiarn
324 4138 403 4204 idem
421 4137 529 4202 Frater
545 4140 688 4206 Joonnes
709 4161 762 4205 suo
779 4140 869 4205 modo
891 4138 1107 4224 relinquendas
1124 4137 1315 4206 affirmasset,

18 4242 20 4333 ζ
123 4245 244 4312 abhinc
260 4246 386 4312 ulterius
409 4247 604 4330 procedendo
627 4268 736 4312 uersus
758 4253 874 4333 partem
896 4246 1115 4312 occidentalem
1140 4265 1196 4330 per
1218 4250 1317 4308 terras

123 4356 250 4421 arabiles
266 4356 304 4422 ad
321 4355 470 4441 quoddam
488 4355 631 4420 fossatum
650 4355 863 4432 deuenisseut,
893 4360 922 4422 in
945 4377 1004 4444 quo
1021 4356 1179 4441 predictus
1198 4355 1318 4443 Grepo-

18 4450 20 4539 l
122 4466 199 4537 rius,
215 4464 295 4529 lilius
313 4466 433 4536 Belaci,
460 4463 530 4528 olim
554 4465 629 4528 duas
648 4472 743 4529 metas
759 4467 857 4531 tuisse
875 4466 1013 4551 primitus
1030 4468 1176 4530 reuocate
1192 4480 1318 4547 posses-

18 4596 19 4601 *
123 4575 215 4639 sionis
242 4595 297 4639 sue
324 4575 450 4641 Wcte'ud
475 4574 712 4660 distinquentes,
741 4576 796 4641 sed
821 4575 949 4660 populos
973 4575 1067 4641 Citrie
1089 4571 1317 4639 Menaenorum

18 4696 19 4749 l
124 4683 243 4747 easdem
265 4687 421 4767 peraratas
447 4685 630 4756 extinxisse,
659 4684 839 4769 dissipasse,
872 4685 923 4749 ubi
946 4690 1043 4747 tamen
1073 4681 1185 4746 nullum
1207 4679 1318 4744 metale
