<?xml version="1.0" encoding="UTF-8"?>
<!DOCTYPE html PUBLIC "-//W3C//DTD XHTML 1.0 Transitional//EN"
    "http://www.w3.org/TR/xhtml1/DTD/xhtml1-transitional.dtd">
<html xmlns="http://www.w3.org/1999/xhtml" xml:lang="en" lang="en">
 <head>
  <title>
</title>
<meta http-equiv="Content-Type" content="text/html;charset=utf-8" />
  <meta name='ocr-system' content='tesseract 3.04.00' />
  <meta name='ocr-capabilities' content='ocr_page ocr_carea ocr_par ocr_line ocrx_word'/>
</head>
<body>
  <div class='ocr_page' id='page_1' title='image "./fontesrerumaust07unkngoog_0129.png"; bbox 0 0 3192 5342; ppageno 0'>
   <div class='ocr_carea' id='block_1_1' title="bbox 267 485 343 558">
    <p class='ocr_par' dir='ltr' id='par_1_1' title="bbox 267 485 343 558">
     <span class='ocr_line' id='line_1_1' title="bbox 267 485 343 558; baseline -0.026 0"><span class='ocrx_word' id='word_1_1' title='bbox 267 485 343 558; x_wconf 83' lang='lat' dir='ltr'>llti</span> 
     </span>
    </p>
   </div>
   <div class='ocr_carea' id='block_1_2' title="bbox 247 653 1456 2995">
    <p class='ocr_par' dir='ltr' id='par_1_2' title="bbox 247 653 1456 2995">
     <span class='ocr_line' id='line_1_2' title="bbox 261 653 1456 744; baseline -0.008 -19"><span class='ocrx_word' id='word_1_2' title='bbox 261 660 448 734; x_wconf 80' lang='lat' dir='ltr'>consistere,</span> <span class='ocrx_word' id='word_1_3' title='bbox 471 679 528 724; x_wconf 89' lang='lat' dir='ltr'>nec</span> <span class='ocrx_word' id='word_1_4' title='bbox 554 679 611 743; x_wconf 88' lang='lat' dir='ltr'>per</span> <span class='ocrx_word' id='word_1_5' title='bbox 632 660 788 744; x_wconf 82' lang='lat' dir='ltr'>quospiam</span> <span class='ocrx_word' id='word_1_6' title='bbox 813 659 899 743; x_wconf 87' lang='lat' dir='ltr'>lapsu</span> <span class='ocrx_word' id='word_1_7' title='bbox 919 664 1087 744; x_wconf 87' lang='lat' dir='ltr'>temporum</span> <span class='ocrx_word' id='word_1_8' title='bbox 1108 659 1137 721; x_wconf 90' lang='lat' dir='ltr'>in</span> <span class='ocrx_word' id='word_1_9' title='bbox 1158 657 1276 721; x_wconf 84' lang='lat' dir='ltr'>irritum</span> <span class='ocrx_word' id='word_1_10' title='bbox 1292 656 1391 740; x_wconf 88' lang='lat' dir='ltr'>possit</span> <span class='ocrx_word' id='word_1_11' title='bbox 1405 653 1456 719; x_wconf 88' lang='lat' dir='ltr'>oel</span> 
     </span>
     <span class='ocr_line' id='line_1_3' title="bbox 258 764 1455 852; baseline -0.007 -19"><span class='ocrx_word' id='word_1_12' title='bbox 258 767 360 833; x_wconf 89' lang='lat' dir='ltr'>ualeat</span> <span class='ocrx_word' id='word_1_13' title='bbox 382 766 568 852; x_wconf 90' lang='lat' dir='ltr'>aliquatenus</span> <span class='ocrx_word' id='word_1_14' title='bbox 592 768 754 839; x_wconf 88' lang='lat' dir='ltr'>reuocari,</span> <span class='ocrx_word' id='word_1_15' title='bbox 783 771 942 850; x_wconf 87' lang='lat' dir='ltr'>presentes</span> <span class='ocrx_word' id='word_1_16' title='bbox 964 765 1168 831; x_wconf 74' lang='lat' dir='ltr'>concessimus</span> <span class='ocrx_word' id='word_1_17' title='bbox 1189 764 1307 828; x_wconf 80' lang='lat' dir='ltr'>litteras</span> <span class='ocrx_word' id='word_1_18' title='bbox 1333 766 1455 826; x_wconf 87' lang='lat' dir='ltr'>nostras</span> 
     </span>
     <span class='ocr_line' id='line_1_4' title="bbox 260 869 1456 960; baseline -0.004 -22"><span class='ocrx_word' id='word_1_19' title='bbox 260 875 479 960; x_wconf 87' lang='lat' dir='ltr'>priuilegiales,</span> <span class='ocrx_word' id='word_1_20' title='bbox 502 876 571 940; x_wconf 89' lang='lat' dir='ltr'>noui</span> <span class='ocrx_word' id='word_1_21' title='bbox 588 879 618 939; x_wconf 91' lang='lat' dir='ltr'>et</span> <span class='ocrx_word' id='word_1_22' title='bbox 634 874 777 940; x_wconf 79' lang='lat' dir='ltr'>autentici</span> <span class='ocrx_word' id='word_1_23' title='bbox 794 873 888 958; x_wconf 88' lang='lat' dir='ltr'>sigilli</span> <span class='ocrx_word' id='word_1_24' title='bbox 905 876 1000 939; x_wconf 90' lang='lat' dir='ltr'>nostri</span> <span class='ocrx_word' id='word_1_25' title='bbox 1015 874 1169 959; x_wconf 88' lang='lat' dir='ltr'>dupplicis</span> <span class='ocrx_word' id='word_1_26' title='bbox 1184 871 1346 936; x_wconf 89' lang='lat' dir='ltr'>munimine</span> <span class='ocrx_word' id='word_1_27' title='bbox 1362 869 1456 934; x_wconf 89' lang='lat' dir='ltr'>roho·</span> 
     </span>
     <span class='ocr_line' id='line_1_5' title="bbox 259 981 1454 1068; baseline -0.002 -22"><span class='ocrx_word' id='word_1_28' title='bbox 259 990 351 1048; x_wconf 85' lang='lat' dir='ltr'>ratas.</span> <span class='ocrx_word' id='word_1_29' title='bbox 400 985 505 1049; x_wconf 86' lang='lat' dir='ltr'>Datum</span> <span class='ocrx_word' id='word_1_30' title='bbox 535 1006 591 1068; x_wconf 92' lang='lat' dir='ltr'>per</span> <span class='ocrx_word' id='word_1_31' title='bbox 615 1005 720 1048; x_wconf 88' lang='lat' dir='ltr'>manus</span> <span class='ocrx_word' id='word_1_32' title='bbox 746 984 873 1049; x_wconf 88' lang='lat' dir='ltr'>discreti</span> <span class='ocrx_word' id='word_1_33' title='bbox 901 984 956 1049; x_wconf 82' lang='lat' dir='ltr'>riri</span> <span class='ocrx_word' id='word_1_34' title='bbox 988 983 1124 1065; x_wconf 79' lang='lat' dir='ltr'>magistri</span> <span class='ocrx_word' id='word_1_35' title='bbox 1139 982 1276 1052; x_wconf 75' lang='lat' dir='ltr'>Andrcc,</span> <span class='ocrx_word' id='word_1_36' title='bbox 1305 981 1454 1064; x_wconf 82' lang='lat' dir='ltr'>prepositi</span> 
     </span>
     <span class='ocr_line' id='line_1_6' title="bbox 256 1086 1452 1164; baseline -0.003 -8"><span class='ocrx_word' id='word_1_37' title='bbox 256 1091 395 1156; x_wconf 69' lang='grc' dir='ltr'>αἱῠειιείε</span> <span class='ocrx_word' id='word_1_38' title='bbox 410 1091 552 1164; x_wconf 85' lang='lat' dir='ltr'>ecclesie,</span> <span class='ocrx_word' id='word_1_39' title='bbox 568 1091 636 1154; x_wconf 88' lang='lat' dir='ltr'>aule</span> <span class='ocrx_word' id='word_1_40' title='bbox 658 1096 761 1155; x_wconf 87' lang='lat' dir='ltr'>nostre</span> <span class='ocrx_word' id='word_1_41' title='bbox 777 1089 1020 1155; x_wconf 75' lang='lat' dir='ltr'>vicecancellarii</span> <span class='ocrx_word' id='word_1_42' title='bbox 1041 1089 1147 1153; x_wconf 87' lang='lat' dir='ltr'>dilecti</span> <span class='ocrx_word' id='word_1_43' title='bbox 1169 1093 1202 1152; x_wconf 85' lang='lat' dir='ltr'>et</span> <span class='ocrx_word' id='word_1_44' title='bbox 1221 1086 1321 1150; x_wconf 85' lang='lat' dir='ltr'>fidelis</span> <span class='ocrx_word' id='word_1_45' title='bbox 1345 1087 1452 1152; x_wconf 89' lang='lat' dir='ltr'>nostri.</span> 
     </span>
     <span class='ocr_line' id='line_1_7' title="bbox 257 1192 1452 1282; baseline -0.005 -21"><span class='ocrx_word' id='word_1_46' title='bbox 257 1198 340 1261; x_wconf 78' lang='lat' dir='ltr'>Anno</span> <span class='ocrx_word' id='word_1_47' title='bbox 363 1197 474 1261; x_wconf 89' lang='lat' dir='ltr'>domini</span> <span class='ocrx_word' id='word_1_48' title='bbox 498 1197 553 1262; x_wconf 65' lang='lat' dir='ltr'>lla</span> <span class='ocrx_word' id='word_1_49' title='bbox 570 1195 669 1262; x_wconf 68' lang='lat'><strong>(200⁰.</strong></span> <span class='ocrx_word' id='word_1_50' title='bbox 686 1198 763 1261; x_wconf 71' lang='lat' dir='ltr'>XXt.</span> <span class='ocrx_word' id='word_1_51' title='bbox 791 1196 937 1282; x_wconf 89' lang='lat' dir='ltr'>septimo,</span> <span class='ocrx_word' id='word_1_52' title='bbox 964 1198 1060 1260; x_wconf 90' lang='lat' dir='ltr'>tercio</span> <span class='ocrx_word' id='word_1_53' title='bbox 1076 1195 1178 1259; x_wconf 88' lang='lat' dir='ltr'>Nonas</span> <span class='ocrx_word' id='word_1_54' title='bbox 1192 1194 1327 1277; x_wconf 74' lang='lat' dir='ltr'>Aprilis,</span> <span class='ocrx_word' id='word_1_55' title='bbox 1355 1192 1452 1274; x_wconf 86' lang='lat' dir='ltr'>Regni</span> 
     </span>
     <span class='ocr_line' id='line_1_8' title="bbox 254 1300 1454 1389; baseline -0.004 -21"><span class='ocrx_word' id='word_1_56' title='bbox 254 1311 352 1370; x_wconf 87' lang='lat' dir='ltr'>autem</span> <span class='ocrx_word' id='word_1_57' title='bbox 370 1306 466 1370; x_wconf 87' lang='lat' dir='ltr'>nostri</span> <span class='ocrx_word' id='word_1_58' title='bbox 490 1326 567 1369; x_wconf 89' lang='lat' dir='ltr'>anno</span> <span class='ocrx_word' id='word_1_59' title='bbox 589 1306 728 1370; x_wconf 87' lang='lat' dir='ltr'>similiter</span> <span class='ocrx_word' id='word_1_60' title='bbox 748 1305 825 1368; x_wconf 76' lang='lat' dir='ltr'><strong>XX0.</strong></span> <span class='ocrx_word' id='word_1_61' title='bbox 843 1306 990 1389; x_wconf 89' lang='lat' dir='ltr'>septimo,</span> <span class='ocrx_word' id='word_1_62' title='bbox 1022 1301 1251 1369; x_wconf 75' lang='lat' dir='ltr'>venerabilibus</span> <span class='ocrx_word' id='word_1_63' title='bbox 1278 1302 1310 1365; x_wconf 92' lang='lat' dir='ltr'>in</span> <span class='ocrx_word' id='word_1_64' title='bbox 1337 1300 1454 1364; x_wconf 82' lang='lat' dir='ltr'>christo</span> 
     </span>
     <span class='ocr_line' id='line_1_9' title="bbox 256 1408 1455 1501; baseline -0.003 -23"><span class='ocrx_word' id='word_1_65' title='bbox 256 1413 394 1478; x_wconf 78' lang='lat' dir='ltr'>Patribus</span> <span class='ocrx_word' id='word_1_66' title='bbox 409 1413 546 1477; x_wconf 86' lang='lat' dir='ltr'>Dominis</span> <span class='ocrx_word' id='word_1_67' title='bbox 563 1415 709 1480; x_wconf 84' lang='lat' dir='ltr'>Boleslao</span> <span class='ocrx_word' id='word_1_68' title='bbox 725 1412 942 1501; x_wconf 75' lang='lat' dir='ltr'>Striponiensi</span> <span class='ocrx_word' id='word_1_69' title='bbox 965 1420 996 1476; x_wconf 84' lang='lat' dir='ltr'>et</span> <span class='ocrx_word' id='word_1_70' title='bbox 1012 1412 1106 1477; x_wconf 77' lang='lat' dir='ltr'>fratre</span> <span class='ocrx_word' id='word_1_71' title='bbox 1123 1412 1273 1476; x_wconf 74' lang='lat' dir='ltr'>ladislao</span> <span class='ocrx_word' id='word_1_72' title='bbox 1290 1408 1455 1476; x_wconf 76' lang='lat' dir='ltr'>00th</span> 
     </span>
     <span class='ocr_line' id='line_1_10' title="bbox 257 1517 1454 1604; baseline -0.004 -19"><span class='ocrx_word' id='word_1_73' title='bbox 257 1520 512 1604; x_wconf 87' lang='lat' dir='ltr'>archiepiscopis,</span> <span class='ocrx_word' id='word_1_74' title='bbox 536 1523 661 1587; x_wconf 86' lang='lat' dir='ltr'>Joanne</span> <span class='ocrx_word' id='word_1_75' title='bbox 676 1521 845 1601; x_wconf 63' lang='lat' dir='ltr'>histriensi</span> <span class='ocrx_word' id='word_1_76' title='bbox 851 1569 860 1593; x_wconf 95' lang='lat'>,</span> <span class='ocrx_word' id='word_1_77' title='bbox 887 1521 982 1584; x_wconf 82' lang='lat' dir='ltr'>fratre</span> <span class='ocrx_word' id='word_1_78' title='bbox 1002 1523 1099 1585; x_wconf 75' lang='lat' dir='ltr'>Petro</span> <span class='ocrx_word' id='word_1_79' title='bbox 1119 1519 1293 1591; x_wconf 80' lang='lat' dir='ltr'>Boanensi,</span> <span class='ocrx_word' id='word_1_80' title='bbox 1318 1517 1454 1603; x_wconf 74' lang='lat' dir='ltr'>Georqio</span> 
     </span>
     <span class='ocr_line' id='line_1_11' title="bbox 253 1625 1453 1714; baseline -0.004 -21"><span class='ocrx_word' id='word_1_81' title='bbox 253 1630 446 1714; x_wconf 78' lang='lat' dir='ltr'>Symicnsi,</span> <span class='ocrx_word' id='word_1_82' title='bbox 470 1629 601 1694; x_wconf 81' lang='lat' dir='ltr'>Iacanka</span> <span class='ocrx_word' id='word_1_83' title='bbox 622 1628 845 1700; x_wconf 82' lang='lat' dir='ltr'>Waradicnai,</span> <span class='ocrx_word' id='word_1_84' title='bbox 868 1628 1040 1693; x_wconf 53' lang='lat' dir='ltr'>Benedicta</span> <span class='ocrx_word' id='word_1_85' title='bbox 1057 1626 1282 1698; x_wconf 81' lang='lat' dir='ltr'>Chonadicnsi,</span> <span class='ocrx_word' id='word_1_86' title='bbox 1299 1625 1453 1689; x_wconf 76' lang='lat' dir='ltr'>ladislao</span> 
     </span>
     <span class='ocr_line' id='line_1_12' title="bbox 256 1731 1452 1823; baseline 0.002 -23"><span class='ocrx_word' id='word_1_87' title='bbox 256 1737 606 1823; x_wconf 75' lang='lat' dir='ltr'>Quinqaaeccclesimrsi,</span> <span class='ocrx_word' id='word_1_88' title='bbox 637 1736 776 1801; x_wconf 85' lang='lat' dir='ltr'>Henrico</span> <span class='ocrx_word' id='word_1_89' title='bbox 814 1735 1061 1822; x_wconf 79' lang='lat' dir='ltr'>Wesprimcuci,</span> <span class='ocrx_word' id='word_1_90' title='bbox 1089 1734 1224 1799; x_wconf 84' lang='lat' dir='ltr'>ll&#39;icolao</span> <span class='ocrx_word' id='word_1_91' title='bbox 1250 1731 1452 1802; x_wconf 66' lang='lat' dir='ltr'>laur-imm</span> 
     </span>
     <span class='ocr_line' id='line_1_13' title="bbox 255 1837 1453 1930; baseline -0.009 -19"><span class='ocrx_word' id='word_1_92' title='bbox 255 1843 443 1910; x_wconf 75' lang='lat' dir='ltr'>Chamdino</span> <span class='ocrx_word' id='word_1_93' title='bbox 459 1845 606 1930; x_wconf 56' lang='lat' dir='ltr'>apricam</span> <span class='ocrx_word' id='word_1_94' title='bbox 628 1849 660 1906; x_wconf 89' lang='lat' dir='ltr'>et</span> <span class='ocrx_word' id='word_1_95' title='bbox 686 1843 816 1908; x_wconf 82' lang='lat' dir='ltr'>Andrea</span> <span class='ocrx_word' id='word_1_96' title='bbox 834 1843 1046 1908; x_wconf 72' lang='lat' dir='ltr'>lhanciloaao</span> <span class='ocrx_word' id='word_1_97' title='bbox 1061 1841 1215 1926; x_wconf 90' lang='lat' dir='ltr'>episeopis</span> <span class='ocrx_word' id='word_1_98' title='bbox 1238 1840 1386 1903; x_wconf 88' lang='lat' dir='ltr'>ecclesias</span> <span class='ocrx_word' id='word_1_99' title='bbox 1402 1837 1453 1901; x_wconf 85' lang='lat' dir='ltr'>dei</span> 
     </span>
     <span class='ocr_line' id='line_1_14' title="bbox 255 1944 1450 2037; baseline -0.005 -23"><span class='ocrx_word' id='word_1_100' title='bbox 255 1951 389 2015; x_wconf 88' lang='lat' dir='ltr'>l&#39;eliciter</span> <span class='ocrx_word' id='word_1_101' title='bbox 400 1950 654 2032; x_wconf 75' lang='lat' dir='ltr'>gubernantibus3</span> <span class='ocrx_word' id='word_1_102' title='bbox 672 1949 841 2032; x_wconf 87' lang='lat' dir='ltr'>hlagnilicis</span> <span class='ocrx_word' id='word_1_103' title='bbox 854 1950 928 2014; x_wconf 79' lang='lat' dir='ltr'>viris</span> <span class='ocrx_word' id='word_1_104' title='bbox 940 1950 1095 2037; x_wconf 82' lang='lat' dir='ltr'>Philippo</span> <span class='ocrx_word' id='word_1_105' title='bbox 1108 1948 1266 2034; x_wconf 79' lang='lat' dir='ltr'>palatr&#39;ao,</span> <span class='ocrx_word' id='word_1_106' title='bbox 1284 1947 1394 2011; x_wconf 86' lang='lat' dir='ltr'>comite</span> <span class='ocrx_word' id='word_1_107' title='bbox 1410 1944 1450 2008; x_wconf 90' lang='lat' dir='ltr'>de</span> 
     </span>
     <span class='ocr_line' id='line_1_15' title="bbox 255 2054 1452 2147; baseline -0.006 -24"><span class='ocrx_word' id='word_1_108' title='bbox 255 2059 375 2147; x_wconf 82' lang='lat' dir='ltr'>Socpcs</span> <span class='ocrx_word' id='word_1_109' title='bbox 397 2061 428 2120; x_wconf 86' lang='lat' dir='ltr'>et</span> <span class='ocrx_word' id='word_1_110' title='bbox 449 2057 488 2121; x_wconf 89' lang='lat' dir='ltr'>de</span> <span class='ocrx_word' id='word_1_111' title='bbox 508 2059 646 2138; x_wconf 74' lang='lat' dir='ltr'>Wyacar,</span> <span class='ocrx_word' id='word_1_112' title='bbox 668 2059 831 2122; x_wconf 61' lang='lat' dir='ltr'>Demetrio</span> <span class='ocrx_word' id='word_1_113' title='bbox 855 2058 999 2139; x_wconf 88' lang='lat' dir='ltr'>magistro</span> <span class='ocrx_word' id='word_1_114' title='bbox 1015 2054 1260 2120; x_wconf 85' lang='lat' dir='ltr'>&#39;lawernicornm</span> <span class='ocrx_word' id='word_1_115' title='bbox 1282 2059 1452 2117; x_wconf 90' lang='lat' dir='ltr'>nostrorum</span> 
     </span>
     <span class='ocr_line' id='line_1_16' title="bbox 254 2160 1451 2247; baseline -0.003 -18"><span class='ocrx_word' id='word_1_116' title='bbox 254 2164 369 2229; x_wconf 85' lang='lat' dir='ltr'>Comite</span> <span class='ocrx_word' id='word_1_117' title='bbox 391 2164 567 2231; x_wconf 81' lang='lat' dir='ltr'>Bachiensi</span> <span class='ocrx_word' id='word_1_118' title='bbox 592 2170 623 2229; x_wconf 86' lang='lat' dir='ltr'>et</span> <span class='ocrx_word' id='word_1_119' title='bbox 647 2163 887 2236; x_wconf 71' lang='lat' dir='ltr'>ihinchincnsi,</span> <span class='ocrx_word' id='word_1_120' title='bbox 911 2164 1026 2247; x_wconf 74' lang='lat' dir='ltr'>Mykch</span> <span class='ocrx_word' id='word_1_121' title='bbox 1052 2163 1129 2227; x_wconf 88' lang='lat' dir='ltr'>hano</span> <span class='ocrx_word' id='word_1_122' title='bbox 1149 2162 1243 2227; x_wconf 87' lang='lat' dir='ltr'>totius</span> <span class='ocrx_word' id='word_1_123' title='bbox 1267 2160 1451 2233; x_wconf 67' lang='lat' dir='ltr'>Sertorianis,</span> 
     </span>
     <span class='ocr_line' id='line_1_17' title="bbox 253 2269 1452 2358; baseline 0.001 -26"><span class='ocrx_word' id='word_1_124' title='bbox 253 2272 362 2335; x_wconf 88' lang='lat' dir='ltr'>comite</span> <span class='ocrx_word' id='word_1_125' title='bbox 377 2271 584 2358; x_wconf 76' lang='lat' dir='ltr'>Simcpiensi,</span> <span class='ocrx_word' id='word_1_126' title='bbox 612 2271 721 2334; x_wconf 86' lang='lat' dir='ltr'>comite</span> <span class='ocrx_word' id='word_1_127' title='bbox 736 2272 926 2337; x_wconf 68' lang='lat' dir='ltr'>susurrum</span> <span class='ocrx_word' id='word_1_128' title='bbox 947 2271 1052 2353; x_wconf 87' lang='lat' dir='ltr'>judice</span> <span class='ocrx_word' id='word_1_129' title='bbox 1074 2271 1158 2337; x_wconf 90' lang='lat' dir='ltr'>corle</span> <span class='ocrx_word' id='word_1_130' title='bbox 1183 2276 1302 2342; x_wconf 91' lang='lat' dir='ltr'>nostre,</span> <span class='ocrx_word' id='word_1_131' title='bbox 1331 2269 1452 2333; x_wconf 70' lang='lat' dir='ltr'>stoma</span> 
     </span>
     <span class='ocr_line' id='line_1_18' title="bbox 254 2375 1452 2460; baseline 0.002 -21"><span class='ocrx_word' id='word_1_132' title='bbox 254 2376 408 2460; x_wconf 75' lang='lat' dir='ltr'>woywoda</span> <span class='ocrx_word' id='word_1_133' title='bbox 428 2379 644 2442; x_wconf 84' lang='lat' dir='ltr'>Transiluano</span> <span class='ocrx_word' id='word_1_134' title='bbox 660 2382 691 2440; x_wconf 89' lang='lat' dir='ltr'>et</span> <span class='ocrx_word' id='word_1_135' title='bbox 711 2378 822 2441; x_wconf 82' lang='lat' dir='ltr'>comite</span> <span class='ocrx_word' id='word_1_136' title='bbox 838 2378 876 2442; x_wconf 90' lang='lat' dir='ltr'>de</span> <span class='ocrx_word' id='word_1_137' title='bbox 892 2380 1011 2452; x_wconf 63' lang='lat' dir='ltr'>Zoaak</span> <span class='ocrx_word' id='word_1_138' title='bbox 1037 2380 1137 2444; x_wconf 81' lang='lat' dir='ltr'>Paulo</span> <span class='ocrx_word' id='word_1_139' title='bbox 1155 2378 1232 2441; x_wconf 89' lang='lat' dir='ltr'>hano</span> <span class='ocrx_word' id='word_1_140' title='bbox 1247 2377 1287 2441; x_wconf 91' lang='lat' dir='ltr'>de</span> <span class='ocrx_word' id='word_1_141' title='bbox 1302 2375 1452 2448; x_wconf 81' lang='lat' dir='ltr'>Machoa,</span> 
     </span>
     <span class='ocr_line' id='line_1_19' title="bbox 248 2484 1450 2573; baseline -0.002 -24"><span class='ocrx_word' id='word_1_142' title='bbox 248 2485 360 2549; x_wconf 88' lang='lat' dir='ltr'>comite</span> <span class='ocrx_word' id='word_1_143' title='bbox 384 2485 564 2569; x_wconf 76' lang='lat' dir='ltr'>Symicnsi</span> <span class='ocrx_word' id='word_1_144' title='bbox 594 2484 632 2547; x_wconf 90' lang='lat' dir='ltr'>de</span> <span class='ocrx_word' id='word_1_145' title='bbox 656 2487 776 2550; x_wconf 82' lang='lat' dir='ltr'>wolkoa</span> <span class='ocrx_word' id='word_1_146' title='bbox 804 2493 835 2550; x_wconf 88' lang='lat' dir='ltr'>et</span> <span class='ocrx_word' id='word_1_147' title='bbox 863 2486 903 2549; x_wconf 90' lang='lat' dir='ltr'>de</span> <span class='ocrx_word' id='word_1_148' title='bbox 926 2486 1097 2573; x_wconf 74' lang='lat' dir='ltr'>Budmgh,</span> <span class='ocrx_word' id='word_1_149' title='bbox 1124 2486 1273 2551; x_wconf 71' lang='lat' dir='ltr'>Jonmse</span> <span class='ocrx_word' id='word_1_150' title='bbox 1303 2485 1450 2566; x_wconf 90' lang='lat' dir='ltr'>magistro</span> 
     </span>
     <span class='ocr_line' id='line_1_20' title="bbox 250 2590 1449 2673; baseline -0.002 -18"><span class='ocrx_word' id='word_1_151' title='bbox 250 2592 496 2655; x_wconf 81' lang='lat' dir='ltr'>Tawcrnicorom</span> <span class='ocrx_word' id='word_1_152' title='bbox 514 2596 545 2653; x_wconf 89' lang='lat' dir='ltr'>et</span> <span class='ocrx_word' id='word_1_153' title='bbox 558 2593 665 2656; x_wconf 83' lang='lat' dir='ltr'>Deseu</span> <span class='ocrx_word' id='word_1_154' title='bbox 681 2590 783 2657; x_wconf 86' lang='lat' dir='ltr'>iudice</span> <span class='ocrx_word' id='word_1_155' title='bbox 805 2594 890 2658; x_wconf 82' lang='lat' dir='ltr'>curie</span> <span class='ocrx_word' id='word_1_156' title='bbox 906 2593 1026 2657; x_wconf 89' lang='lat' dir='ltr'>domine</span> <span class='ocrx_word' id='word_1_157' title='bbox 1042 2593 1157 2673; x_wconf 84' lang='lat' dir='ltr'>regine,</span> <span class='ocrx_word' id='word_1_158' title='bbox 1175 2592 1326 2657; x_wconf 90' lang='lat' dir='ltr'>consortis</span> <span class='ocrx_word' id='word_1_159' title='bbox 1342 2596 1449 2654; x_wconf 88' lang='lat' dir='ltr'>nostre</span> 
     </span>
     <span class='ocr_line' id='line_1_21' title="bbox 249 2697 1450 2784; baseline -0.002 -22"><span class='ocrx_word' id='word_1_160' title='bbox 249 2697 423 2771; x_wconf 83' lang='lat' dir='ltr'>karissime,</span> <span class='ocrx_word' id='word_1_161' title='bbox 450 2698 617 2784; x_wconf 82' lang='lat' dir='ltr'>Stephano</span> <span class='ocrx_word' id='word_1_162' title='bbox 638 2699 783 2779; x_wconf 85' lang='lat' dir='ltr'>magistro</span> <span class='ocrx_word' id='word_1_163' title='bbox 807 2719 988 2782; x_wconf 87' lang='lat' dir='ltr'>agasonum,</span> <span class='ocrx_word' id='word_1_164' title='bbox 1016 2700 1173 2784; x_wconf 82' lang='lat' dir='ltr'>Dyonisio</span> <span class='ocrx_word' id='word_1_165' title='bbox 1188 2699 1333 2781; x_wconf 89' lang='lat' dir='ltr'>magistro</span> <span class='ocrx_word' id='word_1_166' title='bbox 1349 2697 1450 2782; x_wconf 88' lang='lat' dir='ltr'>Dapi·</span> 
     </span>
     <span class='ocr_line' id='line_1_22' title="bbox 247 2805 1449 2890; baseline 0 -22"><span class='ocrx_word' id='word_1_167' title='bbox 247 2806 381 2870; x_wconf 80' lang='lat' dir='ltr'>ferorum</span> <span class='ocrx_word' id='word_1_168' title='bbox 396 2812 566 2869; x_wconf 88' lang='lat' dir='ltr'>nostrornm</span> <span class='ocrx_word' id='word_1_169' title='bbox 582 2810 613 2868; x_wconf 90' lang='lat' dir='ltr'>et</span> <span class='ocrx_word' id='word_1_170' title='bbox 625 2806 760 2871; x_wconf 84' lang='lat' dir='ltr'>Nicolao</span> <span class='ocrx_word' id='word_1_171' title='bbox 777 2806 887 2870; x_wconf 88' lang='lat' dir='ltr'>comite</span> <span class='ocrx_word' id='word_1_172' title='bbox 902 2808 1091 2872; x_wconf 84' lang='lat' dir='ltr'>Posonicnsi</span> <span class='ocrx_word' id='word_1_173' title='bbox 1104 2806 1232 2890; x_wconf 89' lang='lat' dir='ltr'>aliisque</span> <span class='ocrx_word' id='word_1_174' title='bbox 1247 2825 1333 2890; x_wconf 87' lang='lat' dir='ltr'>quam</span> <span class='ocrx_word' id='word_1_175' title='bbox 1350 2805 1449 2888; x_wconf 90' lang='lat' dir='ltr'>pluri·</span> 
     </span>
     <span class='ocr_line' id='line_1_23' title="bbox 248 2910 1104 2995; baseline -0.002 -18"><span class='ocrx_word' id='word_1_176' title='bbox 248 2911 304 2977; x_wconf 90' lang='lat' dir='ltr'>hus</span> <span class='ocrx_word' id='word_1_177' title='bbox 320 2912 416 2995; x_wconf 80' lang='lat' dir='ltr'>Regni</span> <span class='ocrx_word' id='word_1_178' title='bbox 433 2913 528 2976; x_wconf 87' lang='lat' dir='ltr'>nostri</span> <span class='ocrx_word' id='word_1_179' title='bbox 545 2910 711 2978; x_wconf 79' lang='lat' dir='ltr'>Comitatus</span> <span class='ocrx_word' id='word_1_180' title='bbox 726 2913 899 2978; x_wconf 81' lang='lat' dir='ltr'>tenentibus</span> <span class='ocrx_word' id='word_1_181' title='bbox 916 2921 947 2978; x_wconf 88' lang='lat' dir='ltr'>ct</span> <span class='ocrx_word' id='word_1_182' title='bbox 962 2913 1104 2978; x_wconf 86' lang='lat' dir='ltr'>honores.</span> 
     </span>
    </p>
   </div>
   <div class='ocr_carea' id='block_1_3' title="bbox 322 3052 928 3125">
    <p class='ocr_par' dir='ltr' id='par_1_3' title="bbox 322 3052 928 3125">
     <span class='ocr_line' id='line_1_24' title="bbox 322 3052 928 3125; baseline 0 -18"><span class='ocrx_word' id='word_1_183' title='bbox 322 3052 755 3125; x_wconf 77' lang='lat' dir='ltr'>original-l’ergament·Urlonde</span> <span class='ocrx_word' id='word_1_184' title='bbox 769 3055 817 3110; x_wconf 85' lang='lat' dir='ltr'>mit</span> <span class='ocrx_word' id='word_1_185' title='bbox 828 3055 928 3121; x_wconf 84' lang='lat' dir='ltr'>Siegel.</span> 
     </span>
    </p>
   </div>
   <div class='ocr_carea' id='block_1_4' title="bbox 780 3233 903 3311">
    <p class='ocr_par' dir='ltr' id='par_1_4' title="bbox 780 3233 903 3311">
     <span class='ocr_line' id='line_1_25' title="bbox 780 3233 903 3311; baseline -0.008 0"><span class='ocrx_word' id='word_1_186' title='bbox 780 3233 903 3311; x_wconf 83' lang='lat' dir='ltr'>CXlll.</span> 
     </span>
    </p>
   </div>
   <div class='ocr_carea' id='block_1_5' title="bbox 247 3372 1457 3625">
    <p class='ocr_par' dir='ltr' id='par_1_5' title="bbox 247 3372 1457 3625">
     <span class='ocr_line' id='line_1_26' title="bbox 247 3372 1452 3446; baseline -0.003 -14"><span class='ocrx_word' id='word_1_187' title='bbox 247 3372 322 3446; x_wconf 73' lang='lat' dir='ltr'>itit,</span> <span class='ocrx_word' id='word_1_188' title='bbox 334 3374 359 3432; x_wconf 78' lang='lat'>⁵.</span> <span class='ocrx_word' id='word_1_189' title='bbox 375 3374 533 3445; x_wconf 79' lang='lat' dir='ltr'>lorrnnsr,</span> <span class='ocrx_word' id='word_1_190' title='bbox 555 3373 746 3432; x_wconf 74' lang='lat' dir='ltr'>tuttenstclu.</span> <span class='ocrx_word' id='word_1_191' title='bbox 766 3407 803 3416; x_wconf 92' lang='lat'>—</span> <span class='ocrx_word' id='word_1_192' title='bbox 816 3375 911 3445; x_wconf 58' lang='lat' dir='ltr'>Kasia</span> <span class='ocrx_word' id='word_1_193' title='bbox 923 3375 1072 3431; x_wconf 54' lang='lat' dir='ltr'>medoen</span> <span class='ocrx_word' id='word_1_194' title='bbox 1085 3375 1141 3430; x_wconf 87' lang='lat'><em>111.</em></span> <span class='ocrx_word' id='word_1_195' title='bbox 1154 3374 1287 3445; x_wconf 65' lang='lat' dir='ltr'>tatwpt</span> <span class='ocrx_word' id='word_1_196' title='bbox 1298 3373 1351 3429; x_wconf 80' lang='lat' dir='ltr'>der</span> <span class='ocrx_word' id='word_1_197' title='bbox 1363 3373 1452 3429; x_wconf 72' lang='lat' dir='ltr'>Antei</span> 
     </span>
     <span class='ocr_line' id='line_1_27' title="bbox 248 3463 1457 3538; baseline -0.002 -19"><span class='ocrx_word' id='word_1_198' title='bbox 248 3465 469 3536; x_wconf 73' lang='lat' dir='ltr'>Heiliqerrlrrcas</span> <span class='ocrx_word' id='word_1_199' title='bbox 488 3463 535 3520; x_wconf 86' lang='lat' dir='ltr'>dic</span> <span class='ocrx_word' id='word_1_200' title='bbox 548 3464 708 3538; x_wconf 70' lang='lat' dir='ltr'>Bcsrcian</span> <span class='ocrx_word' id='word_1_201' title='bbox 720 3465 801 3519; x_wconf 75' lang='lat' dir='ltr'>ihrer</span> <span class='ocrx_word' id='word_1_202' title='bbox 818 3464 1003 3535; x_wconf 71' lang='lat' dir='ltr'>Wcinglrtcn</span> <span class='ocrx_word' id='word_1_203' title='bbox 1019 3484 1055 3520; x_wconf 75' lang='lat' dir='ltr'>au</span> <span class='ocrx_word' id='word_1_204' title='bbox 1072 3465 1180 3521; x_wconf 70' lang='lat' dir='ltr'>Tolera</span> <span class='ocrx_word' id='word_1_205' title='bbox 1194 3463 1255 3519; x_wconf 71' lang='lat' dir='ltr'>und</span> <span class='ocrx_word' id='word_1_206' title='bbox 1265 3463 1457 3535; x_wconf 72' lang='lat' dir='ltr'>Enwadorf</span> 
     </span>
     <span class='ocr_line' id='line_1_28' title="bbox 589 3554 1102 3625; baseline 0.004 -17"><span class='ocrx_word' id='word_1_207' title='bbox 589 3571 643 3608; x_wconf 80' lang='lat' dir='ltr'>oon</span> <span class='ocrx_word' id='word_1_208' title='bbox 656 3554 848 3623; x_wconf 70' lang='lat' dir='ltr'>Enlriektuarp</span> <span class='ocrx_word' id='word_1_209' title='bbox 860 3554 910 3609; x_wconf 78' lang='lat' dir='ltr'>dcc</span> <span class='ocrx_word' id='word_1_210' title='bbox 921 3554 1102 3625; x_wconf 76' lang='lat' dir='ltr'>Bergrechts.</span> 
     </span>
    </p>
   </div>
   <div class='ocr_carea' id='block_1_6' title="bbox 246 3679 1458 4734">
    <p class='ocr_par' dir='ltr' id='par_1_6' title="bbox 246 3679 1458 4734">
     <span class='ocr_line' id='line_1_29' title="bbox 339 3679 1452 3766; baseline 0 -23"><span class='ocrx_word' id='word_1_211' title='bbox 339 3679 523 3746; x_wconf 77' lang='lat' dir='ltr'>Fridcrieus</span> <span class='ocrx_word' id='word_1_212' title='bbox 550 3682 599 3745; x_wconf 88' lang='lat' dir='ltr'>dei</span> <span class='ocrx_word' id='word_1_213' title='bbox 620 3683 725 3764; x_wconf 81' lang='lat' dir='ltr'>gracia</span> <span class='ocrx_word' id='word_1_214' title='bbox 743 3681 941 3745; x_wconf 84' lang='lat' dir='ltr'>Romanorum</span> <span class='ocrx_word' id='word_1_215' title='bbox 958 3683 1020 3747; x_wconf 83' lang='lat' dir='ltr'>llex</span> <span class='ocrx_word' id='word_1_216' title='bbox 1042 3702 1163 3766; x_wconf 85' lang='lat' dir='ltr'>semper</span> <span class='ocrx_word' id='word_1_217' title='bbox 1179 3684 1356 3765; x_wconf 78' lang='lat' dir='ltr'>Augustus,</span> <span class='ocrx_word' id='word_1_218' title='bbox 1373 3680 1452 3744; x_wconf 83' lang='lat' dir='ltr'>Vni·</span> 
     </span>
     <span class='ocr_line' id='line_1_30' title="bbox 248 3786 1450 3873; baseline 0 -23"><span class='ocrx_word' id='word_1_219' title='bbox 248 3787 357 3860; x_wconf 89' lang='lat' dir='ltr'>uersis,</span> <span class='ocrx_word' id='word_1_220' title='bbox 374 3786 411 3849; x_wconf 85' lang='lat' dir='ltr'>ad</span> <span class='ocrx_word' id='word_1_221' title='bbox 427 3808 504 3872; x_wconf 88' lang='lat' dir='ltr'>quos</span> <span class='ocrx_word' id='word_1_222' title='bbox 520 3793 681 3872; x_wconf 87' lang='lat' dir='ltr'>presentes</span> <span class='ocrx_word' id='word_1_223' title='bbox 698 3790 912 3873; x_wconf 82' lang='lat' dir='ltr'>pervenerint,</span> <span class='ocrx_word' id='word_1_224' title='bbox 937 3790 1076 3855; x_wconf 83' lang='lat' dir='ltr'>fidelihus</span> <span class='ocrx_word' id='word_1_225' title='bbox 1092 3792 1157 3855; x_wconf 89' lang='lat' dir='ltr'>suis</span> <span class='ocrx_word' id='word_1_226' title='bbox 1174 3790 1297 3854; x_wconf 89' lang='lat' dir='ltr'>dilectis</span> <span class='ocrx_word' id='word_1_227' title='bbox 1312 3791 1450 3872; x_wconf 87' lang='lat' dir='ltr'>graciam</span> 
     </span>
     <span class='ocr_line' id='line_1_31' title="bbox 246 3894 1452 3981; baseline 0.002 -24"><span class='ocrx_word' id='word_1_228' title='bbox 246 3913 329 3959; x_wconf 85' lang='lat' dir='ltr'>suam</span> <span class='ocrx_word' id='word_1_229' title='bbox 347 3898 378 3956; x_wconf 88' lang='lat' dir='ltr'>et</span> <span class='ocrx_word' id='word_1_230' title='bbox 393 3914 481 3957; x_wconf 90' lang='lat' dir='ltr'>amne</span> <span class='ocrx_word' id='word_1_231' title='bbox 496 3894 616 3959; x_wconf 87' lang='lat' dir='ltr'>honum.</span> <span class='ocrx_word' id='word_1_232' title='bbox 650 3895 732 3959; x_wconf 87' lang='lat' dir='ltr'>Piam</span> <span class='ocrx_word' id='word_1_233' title='bbox 750 3901 944 3981; x_wconf 84' lang='lat' dir='ltr'>sanctamque</span> <span class='ocrx_word' id='word_1_234' title='bbox 960 3896 1031 3962; x_wconf 91' lang='lat' dir='ltr'>diue</span> <span class='ocrx_word' id='word_1_235' title='bbox 1050 3898 1276 3961; x_wconf 87' lang='lat' dir='ltr'>recordacionis</span> <span class='ocrx_word' id='word_1_236' title='bbox 1294 3894 1452 3978; x_wconf 81' lang='lat' dir='ltr'>Magnifici</span> 
     </span>
     <span class='ocr_line' id='line_1_32' title="bbox 246 4002 1453 4089; baseline 0.002 -25"><span class='ocrx_word' id='word_1_237' title='bbox 246 4002 358 4065; x_wconf 87' lang='lat' dir='ltr'>domini</span> <span class='ocrx_word' id='word_1_238' title='bbox 367 4002 695 4087; x_wconf 74' lang='lat' dir='ltr'>Rcdotfillomanorum</span> <span class='ocrx_word' id='word_1_239' title='bbox 704 4004 796 4086; x_wconf 86' lang='lat' dir='ltr'>Regis</span> <span class='ocrx_word' id='word_1_240' title='bbox 805 4024 927 4086; x_wconf 91' lang='lat' dir='ltr'>semper</span> <span class='ocrx_word' id='word_1_241' title='bbox 938 4005 1086 4086; x_wconf 75' lang='lat' dir='ltr'>Augusti,</span> <span class='ocrx_word' id='word_1_242' title='bbox 1109 4005 1163 4067; x_wconf 76' lang='lat' dir='ltr'>dui</span> <span class='ocrx_word' id='word_1_243' title='bbox 1176 4008 1208 4068; x_wconf 86' lang='lat' dir='ltr'>et</span> <span class='ocrx_word' id='word_1_244' title='bbox 1219 4004 1453 4089; x_wconf 84' lang='lat' dir='ltr'>predecessoris</span> 
     </span>
     <span class='ocr_line' id='line_1_33' title="bbox 248 4107 1453 4192; baseline 0 -22"><span class='ocrx_word' id='word_1_245' title='bbox 248 4108 342 4171; x_wconf 90' lang='lat' dir='ltr'>nostri</span> <span class='ocrx_word' id='word_1_246' title='bbox 370 4107 531 4182; x_wconf 75' lang='lat' dir='ltr'>karissimi,</span> <span class='ocrx_word' id='word_1_247' title='bbox 548 4108 764 4183; x_wconf 87' lang='lat' dir='ltr'>deuocionem,</span> <span class='ocrx_word' id='word_1_248' title='bbox 792 4129 850 4192; x_wconf 91' lang='lat' dir='ltr'>qua</span> <span class='ocrx_word' id='word_1_249' title='bbox 866 4107 1028 4192; x_wconf 85' lang='lat' dir='ltr'>Religiosis</span> <span class='ocrx_word' id='word_1_250' title='bbox 1047 4111 1121 4175; x_wconf 84' lang='lat' dir='ltr'>viris</span> <span class='ocrx_word' id='word_1_251' title='bbox 1134 4159 1165 4173; x_wconf 91' lang='lat'>..</span> <span class='ocrx_word' id='word_1_252' title='bbox 1184 4110 1293 4174; x_wconf 76' lang='lat' dir='ltr'>luban</span> <span class='ocrx_word' id='word_1_253' title='bbox 1315 4115 1346 4173; x_wconf 89' lang='lat' dir='ltr'>et</span> <span class='ocrx_word' id='word_1_254' title='bbox 1367 4108 1453 4171; x_wconf 84' lang='lat' dir='ltr'>Con-</span> 
     </span>
     <span class='ocr_line' id='line_1_34' title="bbox 248 4216 1452 4284; baseline 0.002 -6"><span class='ocrx_word' id='word_1_255' title='bbox 248 4217 349 4279; x_wconf 88' lang='lat' dir='ltr'>uentui</span> <span class='ocrx_word' id='word_1_256' title='bbox 367 4216 543 4281; x_wconf 85' lang='lat' dir='ltr'>hlonasterii</span> <span class='ocrx_word' id='word_1_257' title='bbox 559 4217 679 4283; x_wconf 75' lang='lat' dir='ltr'>Sancte</span> <span class='ocrx_word' id='word_1_258' title='bbox 696 4220 808 4284; x_wconf 74' lang='lat' dir='ltr'>Crucis</span> <span class='ocrx_word' id='word_1_259' title='bbox 828 4219 858 4279; x_wconf 92' lang='lat' dir='ltr'>in</span> <span class='ocrx_word' id='word_1_260' title='bbox 881 4219 1000 4282; x_wconf 72' lang='lat' dir='ltr'>dustria</span> <span class='ocrx_word' id='word_1_261' title='bbox 1017 4219 1207 4282; x_wconf 88' lang='lat' dir='ltr'>Patauieusis</span> <span class='ocrx_word' id='word_1_262' title='bbox 1231 4218 1371 4282; x_wconf 83' lang='lat' dir='ltr'>llioeesis</span> <span class='ocrx_word' id='word_1_263' title='bbox 1392 4217 1452 4280; x_wconf 84' lang='lat' dir='ltr'>Jns</span> 
     </span>
     <span class='ocr_line' id='line_1_35' title="bbox 248 4324 1458 4413; baseline 0.003 -28"><span class='ocrx_word' id='word_1_264' title='bbox 248 4331 417 4388; x_wconf 85' lang='lat' dir='ltr'>montanum</span> <span class='ocrx_word' id='word_1_265' title='bbox 440 4324 590 4389; x_wconf 82' lang='lat' dir='ltr'>devincis</span> <span class='ocrx_word' id='word_1_266' title='bbox 607 4328 757 4409; x_wconf 88' lang='lat' dir='ltr'>ipsorum,</span> <span class='ocrx_word' id='word_1_267' title='bbox 785 4346 860 4408; x_wconf 89' lang='lat' dir='ltr'>quas</span> <span class='ocrx_word' id='word_1_268' title='bbox 883 4325 912 4388; x_wconf 93' lang='lat' dir='ltr'>in</span> <span class='ocrx_word' id='word_1_269' title='bbox 940 4328 1062 4390; x_wconf 71' lang='lat' dir='ltr'>Talaria</span> <span class='ocrx_word' id='word_1_270' title='bbox 1082 4331 1113 4390; x_wconf 90' lang='lat' dir='ltr'>et</span> <span class='ocrx_word' id='word_1_271' title='bbox 1137 4325 1458 4413; x_wconf 74' lang='lat' dir='ltr'>Engclschalcledurf</span> 
     </span>
     <span class='ocr_line' id='line_1_36' title="bbox 249 4432 1454 4518; baseline -0.002 -21"><span class='ocrx_word' id='word_1_272' title='bbox 249 4432 419 4516; x_wconf 82' lang='lat' dir='ltr'>possident,</span> <span class='ocrx_word' id='word_1_273' title='bbox 435 4433 591 4505; x_wconf 77' lang='lat' dir='ltr'>releuauit,</span> <span class='ocrx_word' id='word_1_274' title='bbox 607 4433 637 4495; x_wconf 91' lang='lat' dir='ltr'>in</span> <span class='ocrx_word' id='word_1_275' title='bbox 650 4433 771 4497; x_wconf 91' lang='lat' dir='ltr'>domino</span> <span class='ocrx_word' id='word_1_276' title='bbox 788 4432 1033 4497; x_wconf 82' lang='lat' dir='ltr'>commendantes</span> <span class='ocrx_word' id='word_1_277' title='bbox 1048 4433 1203 4518; x_wconf 85' lang='lat' dir='ltr'>ipsiusque</span> <span class='ocrx_word' id='word_1_278' title='bbox 1218 4434 1328 4496; x_wconf 90' lang='lat' dir='ltr'>imitari</span> <span class='ocrx_word' id='word_1_279' title='bbox 1345 4435 1375 4496; x_wconf 95' lang='lat' dir='ltr'>in</span> <span class='ocrx_word' id='word_1_280' title='bbox 1392 4433 1454 4495; x_wconf 88' lang='lat' dir='ltr'>hac</span> 
     </span>
     <span class='ocr_line' id='line_1_37' title="bbox 249 4537 1454 4625; baseline 0.002 -22"><span class='ocrx_word' id='word_1_281' title='bbox 249 4544 336 4622; x_wconf 82' lang='lat' dir='ltr'>parto</span> <span class='ocrx_word' id='word_1_282' title='bbox 353 4539 482 4621; x_wconf 83' lang='lat' dir='ltr'>vestigia</span> <span class='ocrx_word' id='word_1_283' title='bbox 499 4540 667 4623; x_wconf 88' lang='lat' dir='ltr'>cupientes,</span> <span class='ocrx_word' id='word_1_284' title='bbox 683 4540 832 4625; x_wconf 90' lang='lat' dir='ltr'>predictis</span> <span class='ocrx_word' id='word_1_285' title='bbox 847 4538 955 4603; x_wconf 77' lang='lat' dir='ltr'>Abbati</span> <span class='ocrx_word' id='word_1_286' title='bbox 973 4546 1004 4602; x_wconf 90' lang='lat' dir='ltr'>et</span> <span class='ocrx_word' id='word_1_287' title='bbox 1020 4537 1186 4605; x_wconf 80' lang='lat' dir='ltr'>Conueotui</span> <span class='ocrx_word' id='word_1_288' title='bbox 1201 4546 1313 4605; x_wconf 66' lang='lat' dir='ltr'>suamc</span> <span class='ocrx_word' id='word_1_289' title='bbox 1329 4540 1454 4613; x_wconf 81' lang='lat' dir='ltr'>Crucis,</span> 
     </span>
     <span class='ocr_line' id='line_1_38' title="bbox 251 4645 1455 4734; baseline -0.001 -23"><span class='ocrx_word' id='word_1_290' title='bbox 251 4667 329 4733; x_wconf 90' lang='lat' dir='ltr'>pure</span> <span class='ocrx_word' id='word_1_291' title='bbox 344 4652 470 4730; x_wconf 88' lang='lat' dir='ltr'>propter</span> <span class='ocrx_word' id='word_1_292' title='bbox 485 4645 573 4710; x_wconf 89' lang='lat' dir='ltr'>deum</span> <span class='ocrx_word' id='word_1_293' title='bbox 590 4648 646 4711; x_wconf 80' lang='lat' dir='ltr'>lus</span> <span class='ocrx_word' id='word_1_294' title='bbox 663 4654 848 4719; x_wconf 86' lang='lat' dir='ltr'>montanum,</span> <span class='ocrx_word' id='word_1_295' title='bbox 864 4647 946 4734; x_wconf 85' lang='lat' dir='ltr'>quod</span> <span class='ocrx_word' id='word_1_296' title='bbox 961 4646 1000 4712; x_wconf 90' lang='lat' dir='ltr'>dc</span> <span class='ocrx_word' id='word_1_297' title='bbox 1016 4648 1123 4720; x_wconf 79' lang='lat' dir='ltr'>vineis,</span> <span class='ocrx_word' id='word_1_298' title='bbox 1139 4666 1213 4730; x_wconf 88' lang='lat' dir='ltr'>quas</span> <span class='ocrx_word' id='word_1_299' title='bbox 1231 4648 1262 4710; x_wconf 90' lang='lat' dir='ltr'>in</span> <span class='ocrx_word' id='word_1_300' title='bbox 1281 4648 1403 4711; x_wconf 83' lang='lat' dir='ltr'>Totam</span> <span class='ocrx_word' id='word_1_301' title='bbox 1420 4652 1455 4710; x_wconf 86' lang='lat' dir='ltr'>et</span> 
     </span>
    </p>
   </div>
   <div class='ocr_carea' id='block_1_7' title="bbox 0 0 1600 5342">
    <p class='ocr_par' dir='ltr' id='par_1_7' title="bbox 0 0 1600 5342">
     <span class='ocr_line' id='line_1_39' title="bbox 0 0 1600 5342; baseline 0 2"><span class='ocrx_word' id='word_1_302' title='bbox 0 0 1600 5342; x_wconf 95' lang='lat' dir='ltr'> </span> 
     </span>
    </p>
   </div>
  </div>
 </body>
</html>
