3192 5342
1276 484 1327 556 ot

136 661 258 742 Regiae,
274 660 386 725 Blasio
401 659 546 740 magistro
564 677 727 740 agasonum
743 662 925 731 nostrorum,
949 659 1095 724 municio
1111 660 1256 741 magistro
1273 659 1329 723 da·

135 769 297 853 pilerorum
322 775 492 832 nostrorum
514 772 546 830 et
566 767 699 832 Nicolno
722 764 840 829 Comite
862 768 1068 838 Posooienai.
1097 766 1225 851 aliisquo
1241 786 1330 851 quam

135 876 268 961 pluribus
285 877 382 958 Regni
399 875 496 939 nostri
513 873 678 938 Comitatus
694 873 868 938 tenentibus
884 881 914 938 ct
930 876 1072 941 bonores.

203 1014 323 1086 original
336 1014 384 1069 uui
393 1016 549 1087 Pergsmsot
561 1015 607 1069 mit
619 1014 721 1085 Sisgel.

671 1193 795 1273 XClll.

134 1340 211 1412 uss,
229 1338 276 1399 20.
288 1338 402 1397 imur.
424 1369 459 1379 -
476 1338 700 1410 Zeapnisrbrief
712 1338 760 1394 der
777 1337 974 1412 omeapttele
997 1354 1052 1394 con
1069 1338 1151 1394 Roob
1171 1338 1203 1395 br
1221 1337 1337 1411 Betrcff

135 1431 181 1487 des
199 1430 357 1504 Vcrkuuscs
377 1428 453 1485 einer
466 1429 555 1502 Hofcs
572 1447 609 1483 zu
623 1429 720 1484 Smer
737 1446 792 1483 uon
805 1427 885 1485 Scite
904 1428 1065 1484 Heinricb'r
1081 1428 1131 1484 dea
1143 1427 1279 1484 Himler'r
1292 1446 1331 1483 on

225 1520 301 1584 Otto,
315 1518 428 1576 Marus
440 1517 500 1574 und
512 1518 629 1573 dolonn
640 1518 687 1574 dic
697 1517 794 1573 Soloe
807 1518 937 1575 Ertbul’r
950 1535 1003 1574 corr
1019 1517 1246 1592 Gottburprunn.

223 1648 394 1735 Capitulum
410 1648 614 1713 Jasrtnensia
637 1647 771 1712 ecclesie
795 1647 941 1713 Omnibus
963 1646 1236 1714 christifidelibus
1259 1668 1333 1731 pre·

136 1764 238 1822 sentes
251 1757 368 1821 litteras
385 1756 571 1839 inspecturis
586 1754 714 1820 salutem
726 1756 754 1817 io
767 1755 888 1820 domino
900 1756 1124 1838 sempiternam.
1149 1758 1194 1822 td
1211 1757 1332 1822 uniuer-

135 1884 235 1928 sorum
258 1864 399 1929 noticiam
421 1863 526 1927 barom
548 1864 629 1928 serie
653 1863 786 1927 volomus
809 1863 986 1948 peruenire,
1017 1862 1098 1947 quod
1124 1865 1252 1930 discreti
1276 1865 1334 1930 viri

133 1973 270 2057 magistri
281 1972 434 2039 Nicotaus
447 1978 551 2036 centor
564 1970 698 2036 ecclesie
710 1976 815 2035 nostre
827 1975 859 2036 et
869 1973 988 2038 Saulus
1001 1972 1076 2035 socii
1094 1978 1125 2036 el
1137 1972 1333 2038 concanonici

3 2070 7 2081 '
135 2081 230 2145 nostri
260 2078 412 2144 karissimi
442 2099 542 2144 coram
570 2078 657 2144 nobis
684 2078 888 2163 personaliter
914 2080 1068 2145 constituti
1093 2085 1163 2145 sunt
1189 2080 1335 2158 confessi,

4 2174 9 2193 ¹
135 2188 224 2273 quod,
240 2207 309 2252 cum
321 2187 379 2271 ipsi
393 2185 510 2272 pridem
522 2187 552 2252 in
563 2188 651 2252 lactis
664 2193 696 2254 ct
707 2187 841 2251 seruitiis
853 2186 972 2270 pretate
984 2187 1119 2252 ecclesie
1129 2190 1335 2255 rosenensis

3 2294 7 2319 '
134 2296 170 2360 ad
199 2304 307 2380 partes
336 2296 511 2380 superiores
535 2294 761 2370 accessissent,
796 2314 898 2359 coram
927 2294 1003 2377 ipsis
1027 2303 1058 2359 et
1085 2316 1187 2360 coram
1216 2298 1336 2362 domiuo

136 2403 286 2475 uelem,
303 2403 418 2468 decauo
429 2408 462 2466 et
475 2401 603 2486 plebano
615 2402 655 2466 de
666 2404 804 2477 I’taklro,
821 2400 959 2466 similiter
974 2403 1059 2468 socio
1071 2404 1338 2491 concanonicoque

135 2517 239 2575 nostro
257 2509 433 2583 karissimo,
450 2512 606 2577 Herricus
620 2510 718 2574 dictus
730 2511 865 2583 Himlor,
882 2509 991 2573 nobilis
1007 2510 1046 2573 de
1057 2513 1177 2577 Hoeler
1192 2531 1338 2595 persona·

5 2628 9 2643 ¹
135 2615 204 2681 liter
220 2618 406 2682 constitutus
418 2618 576 2683 consessus
588 2619 738 2681 extitisset
751 2625 781 2682 et
793 2618 860 2681 uiua
875 2638 950 2682 voce
962 2618 1127 2692 retulisset,
1145 2619 1224 2704 quod
1238 2640 1336 2704 quon·

5 2722 10 2739 '
135 2726 202 2790 dam
220 2725 337 2790 curiam
365 2745 449 2789 suam
470 2726 557 2790 simul
584 2746 651 2790 cum
674 2724 803 2790 edificiis
826 2747 881 2791 seo
898 2725 1021 2789 tondum
1038 2746 1123 2791 suum
1140 2728 1337 2794 sessionalem

5 2820 10 2905 ξ
135 2834 165 2896 in
181 2833 254 2898 nilla
270 2832 379 2899 Saeuo
395 2833 595 2905 existentem,
622 2834 693 2897 olim
715 2854 732 2896 a
754 2833 918 2918 peregrino
935 2834 1015 2898 dieto
1030 2833 1237 2923 Stroepbynp
1252 2856 1338 2921 emp-

136 2942 230 3006 tionis
253 2941 351 3027 tytulo
375 2946 593 3024 comperatam,
619 2961 686 3007 cum
709 2940 848 3006 omnibus
872 2940 1050 3006 utilitatibus
1073 2942 1137 3007 suis
1168 2943 1338 3007 addictam

136 3049 250 3114 coriam
268 3067 325 3111 seu
342 3046 465 3112 fundum
482 3047 714 3132 pertinentibus,
739 3047 884 3113 uidelicet
899 3049 1006 3113 Terris
1023 3049 1200 3128 arabilibus,
1216 3052 1339 3123 tenetis,

135 3157 240 3241 pratis,
256 3157 382 3241 pascuis
397 3175 432 3220 oc
447 3154 514 3219 aliis
530 3154 678 3229 omnibus,
695 3156 727 3220 in
742 3155 981 3242 quibuscumque
997 3158 1140 3224 utilitates
1157 3157 1240 3223 dicte
1255 3158 1339 3223 curie

5 3264 10 3345 2
136 3263 320 3337 consistunt,
343 3262 392 3328 uel
413 3283 601 3348 quocumque
618 3263 737 3327 nomine
763 3269 963 3338 censeantur,
990 3266 1125 3332 Ottboni
1143 3265 1285 3331 Martius
1308 3272 1339 3330 et

135 3372 284 3438 Jobunni
305 3370 377 3434 tiliis
397 3372 495 3437 Ertul
514 3370 553 3434 de
576 3371 794 3459 Gottbueprun
820 3377 1018 3456 prouentum
1042 3379 1073 3438 et
1097 3373 1204 3438 decem
1226 3375 1338 3438 marcis

134 3479 265 3545 latorum
283 3478 475 3544 denariorum
497 3480 750 3565 Wpcnnerrsiwn.
768 3478 876 3543 decem
892 3481 997 3565 pensis
1014 3499 1068 3565 pro
1085 3480 1221 3564 qualibet
1236 3500 1336 3545 manca

139 3587 348 3673 computatis,
374 3586 560 3653 vendidisset
581 3594 728 3672 perpetuo
753 3595 785 3652 ct
808 3588 1050 3654 irreuocabiliter
1073 3608 1129 3672 per
1151 3587 1283 3654 heredes
1308 3595 1340 3652 et

136 3695 283 3762 heredum
299 3714 498 3760 successores
521 3694 751 3779 possidendam,
775 3693 945 3779 predictam
967 3697 1125 3779 pecuniam
1148 3715 1183 3759 se
1204 3694 1341 3780 plenarie

138 3805 301 3889 recepisse
333 3801 472 3868 referens
495 3802 533 3866 ab
555 3802 688 3874 eisdem,
716 3803 768 3867 tali
796 3802 990 3886 obligationis
1014 3802 1133 3868 vinculo
1164 3804 1281 3868 inserto
1309 3809 1342 3866 et

136 3919 305 3996 assumpto,
318 3911 411 3995 quod,
422 3912 602 3995 quicumque
614 3911 712 3975 dictos
725 3911 901 3983 Ottboncm,
918 3909 1094 3976 Martinam
1107 3909 1340 3981 croatensem.

136 4019 216 4085 ilios
233 4020 332 4092 ertul,
348 4024 380 4083 et
393 4017 524 4084 heredes
541 4037 644 4083 eorum
660 4038 753 4103 super
767 4019 885 4103 prelata
906 4018 990 4084 curio
1005 4038 1059 4083 seu
1077 4017 1168 4083 fondo
1185 4019 1339 4084 successi·

138 4147 243 4194 uorum
255 4134 427 4212 temporum
440 4126 608 4192 mutacione
620 4131 800 4210 attemptare
812 4146 867 4191 seu
879 4124 1029 4210 impetere
1040 4122 1179 4199 noluerit,
1193 4145 1343 4190 memora·

136 4242 184 4302 tes
195 4235 357 4303 Herricue
370 4234 466 4300 dictus
478 4235 601 4300 Himler
614 4239 645 4298 et
659 4232 789 4298 heredes
802 4233 850 4298 sui
862 4232 985 4298 eosdem
998 4233 1142 4318 expedire
1159 4232 1343 4298 tenebuntur

138 4345 273 4430 propriis
295 4341 452 4408 laboribus
475 4346 507 4407 et
528 4341 679 4427 expensis.
715 4343 858 4407 Preterea
873 4340 1072 4426 prenominati
1097 4342 1206 4405 tratres
1234 4340 1342 4413 nostri,

138 4453 284 4518 videlicet
291 4450 403 4517 Cantor
412 4457 443 4515 et
450 4450 568 4517 Sunius
579 4448 610 4513 id
623 4450 711 4514 etiam
725 4450 904 4523 retulerunt,
918 4449 1010 4535 quod,
1020 4448 1176 4514 cumidem
1188 4450 1344 4516 Hcmicos

138 4560 320 4626 antedictam
337 4560 451 4625 coriam
474 4578 558 4624 suam
577 4560 750 4623 memoratis
768 4558 917 4630 otthoni,
947 4557 1089 4624 Mortino
1105 4563 1137 4622 et
1151 4556 1297 4623 Jolronni
1311 4556 1342 4619 iu

136 4670 270 4755 ipsorum
300 4668 464 4754 presencia
494 4666 709 4740 vendidisset,
749 4664 849 4730 nullos
880 4664 954 4729 inibi
985 4666 1105 4751 penitus
1137 4663 1344 4729 contradictor

175 4804 269 4853 rentes
282 4801 517 4852 murteum.
713 4774 720 4789 '
1107 4771 1126 4825 7
