3192 5342
235 476 314 551 102

232 655 318 717 Anno
344 648 647 717 assimilemus
668 652 811 718 vicesimo
827 656 951 738 quarto,
978 653 1132 737 Megiste-is
1146 652 1281 738 Methym
1300 651 1430 726 lectore,

232 761 367 827 Nicolno
383 763 508 825 cantore
524 765 555 821 ot
570 758 727 824 Michaele
743 760 873 826 cnstode
888 760 1023 826 ecclesie
1038 767 1143 827 nostra
1158 759 1364 826 existentibus.

307 900 427 973 original
440 899 488 956 aui
498 901 666 970 Pergament,
678 898 775 957 descen
788 900 882 973 Siogol
895 901 972 956 fehlt.

769 1154 897 1235 XCIX.

235 1297 318 1369 1³24,
340 1296 381 1356 14.
394 1293 460 1355 mr
474 1327 507 1337 -
519 1294 741 1370 Zcupairelrief
751 1294 802 1351 des
812 1296 1008 1371 Domccpitets
1026 1313 1083 1353 oca
1099 1296 1183 1353 Rcoll
1200 1296 1233 1352 in
1248 1295 1365 1369 Betrcff
1377 1294 1433 1353 der·

313 1386 551 1455 Besitsrtlerpcte
562 1385 612 1441 des
626 1386 713 1443 coca
728 1385 915 1460 memsam
925 1404 965 1441 aa
976 1387 1024 1443 die
1034 1385 1117 1443 Adici
1127 1386 1358 1457 flammemur.

322 1523 678 1608 Capitolnmdcuriensis
689 1525 822 1589 ecclesie
833 1524 985 1590 voiuersis
997 1523 1254 1589 christifidelibus
1270 1530 1433 1609 presentes

232 1633 353 1697 litteras
369 1633 554 1716 inspectoris
577 1632 706 1696 salutem
721 1633 751 1695 io
767 1632 888 1696 domino
905 1635 1130 1716 sempiternam.
1160 1631 1207 1696 nd
1222 1632 1432 1697 uniuersorum

232 1740 373 1806 noticiam
384 1739 487 1804 harum
501 1740 582 1805 serie
595 1738 732 1805 uolumus
744 1740 941 1824 perreniere,
953 1740 1051 1825 qnod,
1066 1760 1134 1805 cnm
1147 1759 1203 1805 nos
1215 1738 1254 1803 ad
1266 1739 1431 1804 instantem

232 1849 411 1934 petitionem
428 1849 546 1913 comitis
562 1848 712 1933 Symonis
727 1846 883 1912 castellani
898 1848 939 1914 de
955 1849 1057 1921 Oeae,
1079 1867 1137 1913 nec
1160 1867 1219 1913 non
1243 1846 1432 1912 vicecomitis

231 1956 447 2023 linconiensis
454 1976 511 2041 per
518 1954 638 2020 litteras
650 1975 721 2020 suas
733 1955 821 2019 nobis
833 1957 954 2029 factam,
966 1955 1132 2022 discretum
1144 1956 1242 2020 rirnra
1251 1955 1433 2039 magistrun

231 2065 398 2131 Nicolcma
410 2062 571 2128 Centonem
583 2062 719 2128 ecclesie
731 2068 846 2138 nostre,
864 2064 980 2128 socium
992 2068 1026 2128 et
1043 2063 1281 2129 concanonicum
1296 2068 1432 2128 nostrum

231 2171 431 2246 karissimum,
456 2191 558 2236 coram
575 2191 636 2254 qno
652 2173 721 2256 ipse
737 2191 842 2235 comes
857 2170 976 2256 Syneon
992 2176 1024 2235 et
1039 2171 1205 2237 Joiams
1219 2170 1300 2236 filins
1320 2171 1430 2237 Volca-

233 2281 315 2351 tim',
338 2279 428 2345 homo
445 2279 697 2343 Excellentissimi
714 2279 833 2343 Domini
850 2279 945 2343 nostri
961 2280 1089 2353 Koroli,
1113 2277 1164 2342 dei
1185 2279 1289 2361 gracia
1304 2278 1432 2343 illustris

231 2388 325 2470 Regis
348 2389 531 2475 Hosspcrio,
559 2387 783 2452 reambularent
805 2386 954 2471 quandam
974 2386 1197 2469 possessionem
1219 2386 1310 2453 Curis
1324 2386 1433 2450 Hono·

231 2495 356 2561 choram
372 2516 428 2560 seu
443 2495 593 2577 Grongie‚
613 2495 693 2580 quod
711 2516 826 2560 meroem
837 2496 988 2582 predium
1003 2500 1207 2579 nuncupatur,
1227 2495 1434 2579 dimosoluc

231 2608 367 2669 vocatam
390 2610 422 2668 et
442 2604 635 2686 assignarent
658 2602 740 2667 dicte
755 2602 849 2666 Curio
865 2622 901 2665 ac
918 2607 1088 2666 statuerent
1103 2607 1251 2688 perpetuo
1267 2604 1431 2688 possiden-

232 2710 301 2774 dam
316 2709 528 2775 reambulatam
546 2731 601 2793 per
623 2716 743 2774 ueteres
760 2715 855 2774 metes
871 2717 902 2775 et
927 2710 1080 2793 antiquas,
1108 2729 1163 2792 pro
1185 2711 1359 2775 testimonio
1376 2710 1435 2776 da-

231 2818 381 2883 nissemus
398 2818 600 2902 dirigendum,
616 2817 735 2883 demam
753 2818 851 2883 dictus
867 2819 1013 2901 magister
1023 2817 1176 2883 Nicotaus
1192 2817 1305 2882 Cantor
1319 2818 1359 2882 ad
1375 2840 1433 2884 nos

233 2944 376 2989 reuersus
393 2924 480 2990 nobis
496 2926 621 2999 retulit,
649 2923 729 3009 quod
746 2924 847 2990 dictus
864 2924 972 2989 Comes
987 2925 1107 3009 Syneon
1122 2934 1154 2990 et
1167 2926 1248 2990 idem
1262 2926 1431 2993 doleam

231 3030 310 3097 tilius
331 3034 507 3106 Valentini,
535 3033 625 3097 homo
642 3034 799 3097 memorati
816 3031 929 3095 domim
946 3036 1040 3096 nostri
1057 3033 1171 3115 Regis,
1200 3033 1375 3099 accedendo
1391 3035 1433 3099 ad

231 3140 339 3204 taciem
357 3141 474 3224 prefate
491 3142 696 3225 possessionis
712 3141 915 3225 Tisanusoluc
931 3147 1112 3224 nuncupate,
1129 3142 1305 3206 conuocatis
1321 3142 1432 3207 vicinis

234 3247 466 3314 etcometaneis
483 3268 519 3313 oc
536 3248 687 3313 nobilibus
704 3249 816 3322 Casiri,
839 3267 972 3312 necnon
988 3248 1214 3334 quampluribus
1233 3247 1384 3313 nobilibus
1399 3256 1435 3315 et

230 3355 404 3421 hominibus
426 3355 495 3419 aliis
518 3354 615 3420 libero
632 3356 822 3421 condicionis
838 3356 877 3420 do
893 3355 1180 3422 circumiacentibus
1194 3357 1274 3422 villis
1290 3356 1434 3422 similiter

231 3463 305 3527 inibi
317 3464 433 3529 coeatis
450 3464 490 3528 dc
501 3464 675 3550 prouincia
687 3465 894 3540 Musonicnsi,
911 3483 1011 3528 eoram
1029 3465 1095 3548 ipso
1111 3463 1293 3529 antedictam
1305 3484 1433 3550 posses-

231 3568 349 3634 sionem
369 3568 612 3635 reambulossent
633 3576 664 3633 et
687 3572 897 3652 assignassent
913 3591 948 3636 ac
964 3573 1142 3637 statuissent
1158 3573 1238 3637 dicte
1253 3571 1346 3638 Curis
1361 3574 1430 3639 lto-

230 3676 393 3741 nachornm
405 3683 553 3763 perpetuo
566 3677 792 3761 possidendam,
810 3678 891 3743 nullo
901 3680 1022 3763 penitus
1032 3680 1257 3746 contradictore
1267 3683 1430 3747 existente.

230 3780 346 3850 Cursus
368 3790 469 3850 autem
483 3793 631 3850 metarum
652 3786 858 3871 possessionis
874 3785 1034 3870 sepedicto
1051 3787 1129 3852 talos
1144 3794 1232 3861 sont,
1257 3809 1313 3873 pro
1329 3790 1431 3875 primo

230 3895 359 3959 omnium
372 3894 480 3980 incipit
495 3900 574 3960 meta
591 3896 671 3959 iuxta
687 3896 910 3978 possessionem
926 3895 1097 3961 meoric
1113 3901 1251 3960 uocatam
1267 3917 1283 3961 a
1301 3897 1431 3963 meridie

230 4011 262 4068 et
281 4002 474 4088 protenditur
500 4002 537 4067 ad
561 4005 785 4087 possessionem
802 4002 929 4088 Belpod
942 4004 979 4067 ab
996 4002 1172 4077 occidente,
1199 4010 1232 4068 et
1251 4005 1323 4071 inde
1345 4007 1434 4071 uadit

229 4109 267 4175 ad
283 4110 431 4196 quandam
454 4112 680 4195 possessionem
701 4112 803 4177 Galus
817 4116 954 4176 uocatam
969 4110 1007 4175 ab
1023 4109 1165 4197 aquilone
1180 4117 1215 4177 et
1227 4113 1300 4178 inde
1315 4115 1431 4181 redec-

229 4217 305 4282 titur
325 4217 364 4282 od
385 4219 507 4303 plagam
523 4219 699 4295 orientalem
722 4238 830 4283 uersus
848 4217 968 4282 Curiam
991 4217 1141 4283 dictorum
1157 4219 1374 4286 llonachorunr
1398 4228 1432 4287 et

231 4326 276 4390 sic
299 4332 380 4390 mete
401 4327 601 4392 terminantur
617 4326 824 4413 possessionis
846 4325 1009 4391 antedicto.
1043 4328 1077 4391 lo
1093 4329 1180 4393 cuius
1194 4330 1241 4393 rei
1257 4330 1432 4394 memoriam

230 4436 262 4498 et
277 4440 456 4518 perpetuam
482 4435 653 4501 tirmitotem
677 4438 837 4519 presentes
862 4435 1069 4498 concessimus
1092 4432 1211 4501 litteras
1225 4437 1319 4518 sigilli
1334 4438 1432 4503 nostri

229 4542 375 4607 autentici
404 4543 566 4607 monimine
597 4542 765 4608 roboratos.
812 4540 920 4605 Datum
944 4542 1021 4606 scria
1043 4543 1179 4608 secunda
1202 4544 1336 4627 proxima
1358 4549 1432 4628 post

229 4654 355 4714 octaoas
366 4650 556 4715 innencionis
571 4655 677 4716 sancte
693 4648 812 4722 Crucis,
837 4669 913 4715 anno
930 4648 1053 4715 domini.
1078 4651 1133 4714 lli.
1158 4649 1258 4716 CCCt
1283 4652 1430 4719 rioeainro
