3192 5342
1250 429 1327 501 333

25 610 27 665 l
138 599 368 663 concanonicum
397 606 549 672 nostrum,
573 621 628 683 pro
657 606 743 683 parte
765 601 862 686 ipsius
887 600 1005 665 Domini
1022 602 1164 674 nubatis,
1193 603 1329 669 homines

138 714 250 771 nostros
268 727 325 792 pro
340 706 522 772 testimoniis
545 707 584 772 ool
606 708 684 773 inira
705 709 850 794 scriptam
866 708 997 774 iudicum
1014 710 1240 795 deposicionem
1255 734 1328 800 pre-

136 814 204 879 uoci
224 816 346 881 Domini
366 815 492 881 Abbatis
513 817 690 882 audiendam
712 818 1004 891 transmisissemus,
1034 820 1154 885 muntem
1177 822 1267 887 iidem
1290 824 1328 888 acl

136 945 184 990 nos
198 928 320 990 reuersi
336 925 423 991 nobis
440 927 632 992 concorditer
648 930 836 1000 retulerunt,
866 929 946 1014 quod
974 930 1031 1012 ipsi
1060 931 1089 993 in
1117 931 1233 995 octauis
1257 932 1327 997 lesti

135 1034 209 1097 beati
224 1033 350 1109 Jaoohi,
365 1036 516 1119 Apostoli,
533 1036 667 1119 proxime
682 1042 753 1102 tunc
770 1037 926 1123 preteriti,
943 1035 980 1101 acl
998 1038 1105 1102 taciem
1122 1042 1326 1123 possessionis

25 1188 27 1217 ς
136 1127 317 1225 limnsaim
341 1151 466 1218 uocate,
495 1146 625 1228 predicti
646 1146 765 1210 Domini
790 1146 917 1211 Albaue
941 1154 971 1209 et
999 1146 1152 1213 cuiusnam
1177 1151 1326 1234 particule

25 1232 27 1335 i
134 1258 209 1316 torre
227 1254 259 1315 in
284 1252 391 1317 eadem
406 1254 539 1338 litigiose
556 1255 666 1318 uicinis
685 1261 716 1320 et
733 1256 949 1320 commetaneis
968 1255 1030 1318 suis
1049 1256 1216 1330 uniuersis,
1245 1257 1324 1340 legi·

133 1363 199 1424 time
222 1361 286 1425 illic
316 1364 508 1435 conuocatis,
531 1383 567 1427 ao
590 1364 795 1447 prenominato
819 1365 990 1451 Greqorio,
1020 1361 1080 1426 filio
1102 1366 1223 1442 Belou,
1250 1386 1324 1450 per·

132 1469 277 1532 sonaliter
293 1469 460 1535 adherente
476 1480 507 1535 et
522 1479 668 1556 presente
684 1473 900 1542 accessissent,
916 1473 1072 1558 ipsamque
1088 1476 1199 1537 terram
1217 1475 1324 1541 Tono-

128 1580 216 1660 soluo
233 1598 252 1640 a
268 1584 355 1661 parte
367 1585 507 1644 amotam
523 1580 727 1663 possessionis
741 1580 863 1644 Weliod
876 1599 932 1661 per
948 1586 1041 1643 metas
1058 1584 1090 1644 et
1106 1601 1214 1644 cursus
1228 1589 1322 1647 meta·

132 1687 183 1759 les,
199 1687 287 1770 prius
301 1685 532 1761 demonstratas,
544 1687 784 1753 reambulassent
796 1694 827 1751 et
843 1689 920 1751 lacta
934 1686 1175 1754 reambulacione
1188 1689 1322 1754 eiusdem

130 1796 354 1878 prenominatus
376 1796 521 1860 Dominus
542 1795 651 1861 Frater
668 1797 878 1863 Commonnus
893 1796 994 1861 ilibas
1010 1797 1183 1893 inxquaolam
1199 1794 1321 1882 Capella

131 1902 164 1967 eol
178 1904 327 1968 honorem
349 1903 383 1968 S.
400 1904 495 1969 llario
513 1904 693 1988 llogdalene
716 1906 745 1968 in
769 1908 963 1988 possessione
979 1906 1065 1971 Noui
1077 1906 1203 1992 predii,
1225 1925 1321 1990 prope

131 2010 260 2077 &noan
269 2013 497 2080 mennam
510 2021 693 2086 constructo,
707 2016 743 2078 ad
757 2033 844 2099 quam
857 2013 961 2077 eadem
973 2014 1129 2096 possessio
1140 2014 1321 2098 Tonofnluo

129 2120 286 2203 pertinere
310 2122 516 2205 dignoscitur,
544 2124 608 2187 sola
635 2142 690 2187 sua
715 2123 745 2186 in
772 2142 919 2206 persona,
945 2121 1064 2186 indutus
1092 2123 1155 2187 suis
1184 2121 1319 2187 uestibus

128 2228 366 2295 sacerdotalibus
383 2236 415 2294 et
435 2229 573 2294 baculum
589 2251 673 2295 suum
690 2231 873 2316 pastoralem
890 2229 918 2294 in
936 2251 1023 2295 manu
1040 2250 1093 2295 sua
1110 2228 1264 2305 habendo,
1281 2230 1318 2294 od

127 2356 207 2400 suum
224 2344 336 2403 statum
360 2339 533 2422 regularem
551 2345 582 2403 et
598 2339 790 2404 consciencie
806 2360 861 2403 sue
877 2339 1038 2423 puritatem
1055 2358 1218 2423 supereo,
1239 2339 1318 2424 quod

127 2444 263 2528 predicta
281 2452 363 2511 terro
380 2447 524 2529 litigiosa,
541 2447 579 2511 ad
595 2452 663 2513 noto
681 2448 820 2511 marchas
837 2446 1026 2512 denariorum
1044 2448 1073 2510 in
1086 2452 1150 2511 toto
1168 2449 1317 2519 estimato,

127 2573 246 2637 semper
262 2560 294 2619 et
308 2555 346 2619 ab
361 2557 483 2642 antiquo
500 2557 537 2621 ool
553 2556 700 2640 prefatam
721 2556 946 2639 possessionem
965 2556 1146 2640 Tunofnluo
1162 2556 1317 2641 pertinens

126 2661 214 2726 inerit
231 2668 263 2727 et
278 2683 356 2728 nunc
373 2666 502 2729 attinere
517 2664 644 2738 debeat,
660 2671 692 2729 et
707 2685 857 2750 nunqnam
874 2664 980 2728 eadem
996 2669 1077 2728 terra
1094 2665 1131 2728 ad
1149 2664 1315 2749 predictam

125 2773 346 2852 possessionem
361 2774 493 2851 Welo'ud,
511 2774 606 2858 ipsius
617 2774 767 2862 Greqoro‘s'
781 2773 820 2838 de
836 2774 903 2837 iure
918 2773 1110 2858 pertinuerit,
1126 2778 1266 2858 meteque
1284 2782 1315 2837 et

125 2879 208 2960 signa
224 2879 345 2944 metalia
363 2902 419 2965 per
433 2888 662 2966 procuratorem
687 2883 782 2965 ipsius
805 2882 923 2947 Domini
938 2879 1065 2945 Abiatis
1088 2882 1170 2964 prius
1195 2883 1317 2945 demon·

125 2992 218 3052 strate
241 2994 274 3053 et
297 2988 499 3062 reambnlate,
527 2988 673 3054 uidelicet
694 2996 774 3055 mete
790 2996 893 3065 terra,
922 2991 1011 3069 signa
1038 2988 1157 3053 metalia
1181 2988 1315 3052 eiusdem

123 3097 326 3177 possessionis
345 3098 524 3182 anofolw
540 3116 557 3160 a
573 3102 660 3181 parte
676 3098 813 3185 eiusdem
830 3097 1034 3182 possessionis
1045 3097 1165 3162 Welo'ud
1178 3094 1314 3160 eiusdem

126 3203 274 3292 Grcqorii
293 3207 405 3270 actoris
427 3210 605 3290 seperantes
628 3205 759 3279 luerint,
786 3204 884 3290 palam
906 3211 938 3269 et
960 3205 1118 3269 manifeste
1139 3205 1266 3269 dixisset
1283 3211 1315 3269 et

123 3312 287 3385 retulisset,
304 3313 389 3379 cuius
402 3313 520 3378 Domini
535 3313 661 3378 Abbatis
677 3315 905 3379 conscienoicse
921 3313 1087 3377 assercioni
1103 3313 1181 3377 ilem
1195 3315 1314 3401 (ἔνεμο-

122 3421 187 3487 rios
207 3421 296 3486 umul
319 3441 386 3487 oum
401 3422 552 3497 Nicoloo,
580 3421 675 3486 fratre
696 3442 750 3486 suo
766 3423 865 3487 moino
880 3429 911 3487 et
927 3421 1069 3504 magistro
1084 3422 1225 3492 Joonno,
1253 3420 1313 3485 lilio

123 3528 257 3596 Sicnoora'o
288 3529 327 3593 de
360 3530 466 3595 eadem
502 3529 673 3619 Hcflenqlt,
712 3530 785 3595 inibi
823 3551 917 3615 prope
952 3528 1117 3594 astantibus
1146 3530 1313 3593 contentari

123 3637 199 3703 nolle
214 3640 380 3704 indicasset
395 3642 426 3702 et
442 3637 563 3703 tandem
579 3639 707 3702 eaodem
723 3643 833 3702 terram
850 3639 1011 3722 litigiosam
1024 3636 1079 3701 sul)
1096 3636 1312 3720 infrascriptis

25 3810 27 3837 ,
123 3748 207 3811 metis
228 3746 385 3812 rennuatis
409 3747 440 3810 in
462 3747 589 3831 quonlam
612 3748 743 3830 registro
764 3745 808 3810 ibi
832 3747 967 3830 partibus
990 3746 1158 3810 uolentibus
1180 3751 1212 3808 et
1228 3745 1312 3827 regi-

25 3864 27 3891 *
124 3858 221 3920 uratia
249 3856 408 3921 nobiscum
430 3856 608 3937 reportatis,
642 3874 701 3939 que
723 3856 754 3919 in
785 3854 965 3939 quibusdam
992 3854 1126 3939 partibus
1155 3853 1204 3917 uel
1235 3852 1312 3916 locis

25 4026 27 4045 ,
122 3968 260 4029 metarum
276 3963 427 4048 prioribus
451 3962 640 4029 cursionilous
663 3962 824 4028 earundem
847 3964 1012 4047 aliqualiter
1036 3962 1174 4026 uidentur
1191 3960 1309 4024 discre-

25 4128 26 4133 ,
121 4091 205 4155 pare,
231 4071 270 4136 ati
293 4072 440 4156 prefatam
464 4073 689 4157 possessionem
709 4073 891 4156 Tunofolua
917 4072 1029 4155 prelati
1051 4071 1168 4136 Domini
1192 4069 1308 4133 Fratris

25 4166 26 4237 ἷ
122 4182 301 4247 &monui
322 4179 448 4245 Abbatis
474 4180 653 4264 applicando
683 4181 915 4265 inperpetuum
942 4178 1118 4261 possidere,
1147 4184 1253 4242 tenere
1277 4183 1309 4240 et

25 4330 26 4373 i
121 4287 229 4353 habere
245 4288 428 4353 statuissent
450 4291 482 4351 et
504 4288 734 4353 commisissent.
769 4286 862 4352 Cuius
885 4285 1005 4371 quidem
1023 4291 1106 4351 terre
1122 4291 1202 4350 mete
1218 4284 1307 4349 modo

123 4399 262 4479 premisse
290 4401 419 4467 statute,
447 4397 540 4479 prima
569 4395 676 4480 incipit
698 4396 774 4460 iuxta
797 4399 909 4458 terram
930 4394 1050 4460 Sancte
1064 4395 1169 4460 Moris
1190 4398 1310 4478 aparte

124 4505 253 4569 mentali
265 4511 297 4570 et
310 4525 405 4588 penes
417 4503 565 4590 quondam
582 4512 691 4568 metam
704 4504 854 4588 antiquam
867 4503 1006 4587 predicte
1018 4510 1100 4568 terre
1116 4504 1308 4588 Yunosolua,

25 4654 26 4657 κ
124 4611 350 4698 distinguentem
371 4631 478 4678 nouam
495 4617 603 4677 metam
622 4634 637 4676 a
654 4618 741 4697 parte
758 4612 925 4696 aquilonari
941 4613 1121 4683 erexissent,
1138 4615 1219 4674 terra
1235 4629 1308 4674 uero
