3192 5342
1261 520 1334 593 291

157 683 214 746 Der
243 679 306 745 bril
329 684 369 746 ist
394 679 494 763 geben
521 683 597 746 nacb
625 682 737 747 Christi
764 684 881 770 gepurd
911 686 1102 751 drewtreben
1134 685 1267 751 Hnodert
1294 688 1339 750 iar

156 790 283 854 darnacb
299 792 329 854 in
346 791 414 855 dem
430 790 654 874 Sibentngisten
670 794 724 866 iar,
741 814 777 857 an
794 793 936 877 Samstag
952 795 1028 860 nacb
1045 796 1148 861 blitter
1164 803 1277 861 vasten.

222 933 342 1006 original
355 936 403 991 aul
412 935 567 1007 Pergameat
578 937 626 993 mit
638 937 695 994 drei
708 937 824 1010 siegele.

656 1190 840 1272 CCLXIV.

150 1330 227 1403 idid,
237 1331 280 1390 le.
293 1331 360 1405 ltl,
373 1333 493 1394 blittbt.
506 1366 542 1376 —
555 1335 644 1407 Pupil
661 1335 758 1393 Urbem
775 1337 805 1392 V.
819 1330 981 1409 bdortflrapt
992 1338 1047 1394 den
1063 1339 1117 1394 Ans
1133 1338 1181 1395 elea
1194 1339 1342 1395 Sebotten·

151 1423 278 1480 Kloetm
294 1443 332 1480 aar
349 1426 448 1489 Wien,
471 1443 508 1482 zo
527 1428 730 1493 unterrucben,
754 1429 786 1484 ob
799 1427 860 1483 arvad
876 1428 979 1484 welche
990 1430 1180 1501 Baitaunpen
1196 1432 1249 1486 der
1260 1432 1340 1487 Abtei

149 1515 371 1586 Heilipembreuz
398 1516 488 1573 aaron
520 1518 725 1588 enbcreclutipte
751 1518 893 1593 Verboafe
914 1519 1063 1575 mianum
1082 1521 1242 1589 pekommen
1264 1521 1341 1576 scien

390 1607 451 1663 und
462 1606 508 1663 utic
520 1608 693 1664 Restitution
705 1607 851 1664 elmelbcn
865 1625 902 1663 au
916 1610 1105 1665 vmcnlossen.

241 1748 389 1815 Urbanus
420 1750 582 1832 episcopus
610 1770 718 1813 seruus
746 1769 903 1814 seruorum
928 1750 977 1814 dei
1000 1751 1117 1815 Dilecto
1140 1751 1217 1815 Filio
1233 1750 1341 1815 Abbati

148 1856 326 1921 blonasterii
341 1857 507 1924 Scotorum
527 1857 557 1920 in
580 1859 739 1944 Wycnno,
762 1858 951 1922 Patauiensis
974 1859 1122 1932 diocesis,
1151 1860 1285 1925 Salutem
1312 1867 1343 1924 et

152 1967 352 2050 apostolicam
373 1965 624 2031 benedictionem.
654 1968 699 2032 Ad
721 1967 901 2031 aradientiam
926 1974 1057 2032 nostram
1082 1970 1237 2052 peruenit,
1261 1968 1340 2053 quod

145 2083 203 2137 tam
233 2074 341 2139 dilecti
365 2074 444 2139 lilii.
481 2074 609 2139 ,Abbas
640 2082 671 2140 et
697 2075 871 2141 Conuentus
896 2075 1071 2142 blonasterii
1093 2086 1206 2144 annm
1234 2077 1343 2144 Crucis

147 2184 264 2247 ordinis
283 2182 497 2248 cisterciensis
513 2184 702 2249 Patauiensis
718 2185 867 2257 diocesis,
884 2206 971 2271 quam
987 2188 1223 2272 predecessores
1240 2206 1343 2250 eorum

146 2293 296 2366 decimae,
313 2291 461 2370 redditus,
477 2300 586 2364 terras,
603 2294 717 2366 vineas,
735 2296 1086 2378 possessiones,'dornos,
1103 2296 1228 2369 castilia,
1246 2304 1343 2379 prata,

146 2423 279 2487 pascua,
295 2403 456 2485 grangias,
472 2423 609 2475 nemora,
626 2404 810 2481 molendina,
827 2406 901 2481 iura,
918 2407 1153 2478 iurisdictiones,
1170 2415 1200 2470 et
1216 2405 1343 2491 quedam

146 2511 203 2576 alia
219 2511 304 2575 bona
325 2513 420 2595 ipsius
436 2511 611 2576 dinnasterii
635 2511 712 2576 datis
735 2533 827 2597 super
842 2513 900 2577 boc
916 2514 1040 2586 litteris,
1069 2515 1214 2579 conlectis
1236 2514 1343 2578 exinde

145 2619 281 2705 publicis
296 2621 518 2696 instrumentis,
535 2621 722 2705 interpositis
739 2622 932 2695 iuramentis,
950 2624 1037 2686 iactis
1053 2623 1344 2687 remunerationibus

145 2738 175 2795 et
186 2732 280 2814 penis
293 2729 418 2794 adiectis
431 2730 460 2793 io
474 2749 596 2811 grauem
613 2730 706 2813 ipsius
716 2730 891 2795 blonasterii
904 2733 1048 2797 lesionem
1061 2732 1209 2796 nonnullis
1222 2731 1344 2795 clericis

145 2847 176 2904 et
191 2841 304 2912 laicis,
322 2839 471 2926 aliquibus
488 2859 590 2903 eorum
607 2840 643 2903 ad
662 2841 761 2913 uitam,
778 2840 958 2926 quibusdam
975 2863 1047 2907 uero
1064 2843 1100 2906 ad
1118 2824 1176 2906 non
1193 2843 1342 2907 modicum

145 2956 265 3033 tempus
285 2956 316 3011 et
327 2947 394 3011 aliis
412 2955 559 3031 perpetuo
575 2948 613 3012 ad
626 2948 738 3012 firmam
755 2948 803 3013 nel
820 2949 876 3013 sub
893 2970 987 3015 censu
1003 2970 1100 3015 annno
1114 2957 1342 3023 concesserunt,

145 3080 279 3145 quorum
306 3057 397 3144 aliqui
424 3058 562 3122 dicuntur
585 3080 678 3143 snper
705 3059 762 3122 biis
786 3058 1027 3124 confirmationis
1050 3062 1166 3125 litteras
1188 3062 1219 3125 in
1242 3062 1337 3124 forma

144 3169 300 3234 commoni
322 3188 339 3231 a
362 3167 438 3232 sede
459 3168 625 3253 apostolica
649 3170 838 3252 impetrasse.
877 3170 952 3252 Quia
978 3190 1050 3234 uero
1078 3175 1180 3235 nostra
1203 3172 1341 3242 interest,

143 3299 238 3363 super
257 3278 318 3342 boc
334 3275 373 3340 de
389 3283 535 3360 oportuno
548 3276 682 3341 remedio
696 3278 869 3360 prouidere,
886 3279 1062 3342 discretioni
1078 3288 1130 3343 tue
1146 3299 1202 3363 per
1217 3285 1341 3364 aposto-

144 3390 199 3451 lica
216 3387 336 3472 scripta
348 3386 669 3471 mandamusqnntinns
685 3406 732 3459 ea,
749 3406 809 3472 qne
825 3386 865 3449 de
881 3387 965 3451 bonis
978 3387 1271 3470 prelatilllonasterii
1287 3408 1343 3471 per

143 3496 366 3561 concessiones
389 3494 557 3560 huiusmodi
573 3493 700 3559 alienata
716 3496 870 3559 inueneris
893 3496 996 3560 illicite
1018 3495 1064 3558 uel
1086 3497 1251 3567 distracta,
1277 3496 1342 3558 Non

143 3603 339 3671 obstantibus
377 3603 503 3675 litteris,
547 3604 770 3677 instrumentis,
809 3603 1005 3678 iuramentis,
1040 3605 1341 3676 remunerationibus,

143 3717 232 3799 penis
257 3720 290 3779 et
312 3711 588 3778 confirmationibus
609 3714 791 3798 supradictis
813 3713 850 3777 ad
873 3714 919 3778 ius
949 3722 980 3778 et
1007 3715 1223 3799 proprietatem
1248 3715 1341 3799 ipsius

144 3823 326 3889 lionasterii
342 3822 476 3906 legitime
492 3842 639 3887 reuocare
655 3842 820 3907 procures,
847 3822 1093 3887 contradictores
1109 3843 1166 3906 per
1182 3842 1340 3887 censuram

145 3932 391 3998 ecclesiasticam
414 3930 617 4015 appellatione
644 3933 810 4015 postposita
834 3931 1065 4015 compescendo.
1110 3932 1219 3994 Testes
1241 3933 1340 3993 autem

143 4044 194 4128 qui
207 4043 326 4107 suerint
337 4042 489 4112 nominati,
505 4041 530 4104 si
542 4062 578 4105 se
590 4041 703 4123 gracia,
721 4041 788 4105 odio
803 4040 850 4104 nel
863 4043 971 4105 timore
982 4040 1195 4112 subtraxerint,
1212 4058 1340 4104 censura

143 4151 234 4216 simili
253 4149 458 4236 appellatione
479 4155 619 4215 cessante
635 4149 797 4233 compellas
815 4150 934 4215 ueritati
950 4151 1151 4214 testimoninm
1168 4148 1340 4233 perbibere.

143 4261 254 4326 [latum
277 4259 407 4327 biterbii
418 4260 480 4325 XV.
497 4260 647 4326 Kalendas
665 4259 761 4331 lunii,
790 4261 984 4326 Pontificatus
1005 4261 1099 4325 nostri
1114 4263 1198 4324 Anno
1215 4259 1340 4324 Octauo.

216 4403 339 4476 original
352 4404 400 4458 ani
409 4403 564 4476 Pergameni
576 4404 623 4458 mit
635 4402 772 4459 Bleibulle.
