3192 5342
669 779 776 859 XLV.

130 917 200 989 llll,
217 916 263 976 25.
277 917 368 991 April,
386 917 504 978 lkllw.
520 949 553 958 -
568 918 687 974 Meister
703 918 836 974 Andreas
852 920 982 989 beatdtiqt
1000 919 1046 974 die
1059 919 1231 988 &tonnano
1245 920 1322 975 eines

132 1007 343 1064 Gnradalalekea
365 1025 403 1064 aar
434 1008 591 1081 Veneldorf
611 1026 667 1064 oon
692 1009 773 1066 Seite
801 1009 894 1064 osnes
926 1010 1109 1066 Groowotero
1131 1010 1180 1065 deo
1201 1008 1321 1065 Palatio

130 1097 437 1155 lolamaundreinea
446 1098 707 1155 anacreontem
714 1099 855 1156 Nikolaou·
870 1117 908 1155 on
921 1100 968 1156 die
985 1101 1068 1156 Abtei
1091 1100 1323 1172 Heiliqureuz.

212 1225 278 1290 Nos
296 1227 443 1306 magister
457 1228 605 1293 Andreas
627 1228 707 1292 lilius
731 1229 869 1311 magistri
896 1230 1047 1316 Greqorii
1068 1230 1210 1295 memorio
1235 1252 1319 1296 eom-

129 1333 300 1397 nendamus
323 1335 490 1406 rniuersis,
519 1337 599 1418 qood
624 1337 815 1401 collationem
839 1336 994 1401 cuiusdam
1015 1342 1098 1401 terre
1114 1338 1320 1405 Castrensium

13 1452 15 1523 Q
133 1442 298 1527 Voyelrlors
315 1449 436 1515 vocate,
458 1463 547 1527 quam
562 1442 726 1508 Joloonnee
741 1441 893 1527 palatinus
917 1464 991 1509 auus
1008 1450 1113 1509 noster
1128 1453 1159 1511 et
1173 1449 1320 1530 magister

126 1549 286 1632 Nyooloae
306 1547 403 1612 frater
425 1554 529 1613 noster
552 1549 631 1614 bone
656 1553 801 1614 memorie
822 1552 978 1616 monacbis
1000 1553 1038 1617 de
1061 1552 1196 1637 Grangia
1223 1573 1319 1638 prope

126 1656 219 1719 laeum
236 1655 276 1719 de
297 1648 395 1719 serler¹
411 1656 590 1720 litteratorie
610 1658 756 1731 leeerant,
773 1659 975 1742 approbamus
991 1680 1027 1724 aa
1043 1680 1122 1725 nono
1139 1670 1170 1726 et
1186 1661 1320 1725 conseri·

13 1830 14 1853 ἶ
127 1783 188 1826 mus
204 1762 319 1826 eisdem
332 1764 481 1847 premisso
497 1763 554 1827 sub
572 1769 677 1828 tenore
690 1763 839 1838 volentes,
856 1771 888 1829 ut
904 1767 1000 1831 nullos
1013 1768 1186 1833 officialium
1201 1774 1320 1833 nostro·

13 1882 15 1959 g
127 1888 188 1932 rum
205 1870 329 1933 racione
343 1868 469 1933 alieuius
495 1890 605 1934 census
623 1872 670 1934 uel
687 1873 853 1936 exactionis
870 1874 992 1938 eosdem
1009 1873 1173 1940 monaobos
1190 1875 1319 1939 debeant

13 2010 14 2055 l
129 1975 299 2041 molestare.
339 1974 446 2040 Datum
470 1979 499 2040 ln
515 1978 643 2042 ΙΙαιωαν
663 1978 692 2040 in
714 1978 794 2042 lesto
816 1979 896 2043 beati
915 1979 1008 2045 llaroi
1026 1982 1216 2064 euangelista
1233 1983 1317 2048 Anno
1353 1987 1358 1996 “

126 2084 233 2147 domini
248 2083 305 2147 Mo.
324 2081 423 2148 000⁰.
440 2083 490 2147 ΧΦ.
508 2094 627 2170 quarto.

195 2221 312 2292 original
326 2224 374 2279 aul
384 2225 543 2294 Pergameni
556 2225 602 2278 mit
615 2225 715 2293 Siegel.

663 2404 784 2484 XLVI.

13 2548 14 2555 ’
123 2543 313 2617 1314,22..1α11,
325 2545 410 2605 Wlllm
422 2579 455 2587 —
468 2547 838 2620 Thomoalirabiaelrofoon
851 2548 933 2603 Gran
941 2544 1017 2601 alellt
1026 2543 1079 2598 der
1090 2543 1319 2614 Abteildeiliqen·

13 2704 14 2719 χ
122 2634 216 2691 Kreas
234 2637 296 2708 auf
309 2637 358 2690 ilrr
369 2638 518 2693 Amoebea
537 2638 620 2693 moen
632 2638 853 2711 Zenonisabrief
869 2654 922 2692 oua
935 2634 1062 2690 abortiis
1075 2634 1245 2703 Sebmkano
1266 2634 1317 2690 der

156 2724 243 2782 Galea
254 2724 450 2783 Borandoabo
463 2745 518 2783 oon
529 2729 610 2785 Solle
623 2729 672 2784 dea
685 2727 794 2798 Kenios
806 2728 882 2783 Korl
894 2745 949 2783 oon
966 2724 1083 2795 Unqam
1096 2742 1135 2779 on
1148 2723 1278 2780 diuselba

206 2835 270 2900 Nos
295 2837 430 2903 lbomoa
453 2839 650 2903 miseracione
680 2838 780 2902 diuina
808 2838 1062 2921 archiepiscopus
1085 2835 1316 2922 Striyoniemie

121 2943 314 3029 eiusdemque
327 2945 385 3009 loci
398 2944 506 3010 Comes
519 2950 697 3029 perpetuus,
708 2944 922 3029 Signifioamus
936 2943 1046 3027 quibus
1059 2942 1180 3025 expedit
1195 2943 1316 3005 rnioer·

13 3086 15 3139 l
120 3051 157 3115 sis
172 3051 361 3135 presentium
378 3074 434 3136 per
449 3059 596 3126 tenorem,
614 3052 713 3136 Quod,
731 3073 798 3117 oum
813 3051 1034 3116 Sereoissimus
1051 3049 1188 3113 dominos
1206 3056 1313 3113 noster

13 3164 14 3187 ¹
121 3156 252 3223 dominns
268 3161 407 3225 Koroluo
428 3161 476 3225 dei
493 3161 597 3241 gracia
613 3162 782 3249 Honqon‘o
795 3161 859 3224 llex
874 3159 1001 3224 illustris
1015 3156 1178 3239 Religiosis
1194 3157 1267 3220 viris
1284 3162 1315 3221 et

13 3260 14 3295 l
121 3265 174 3330 deo
183 3267 303 3331 deuotis
320 3268 462 3333 fratribus
478 3268 593 3333 ordinis
608 3266 823 3332 cisterciensis
840 3269 871 3331 in
884 3265 1065 3331 llonasterio
1081 3266 1314 3331 sanotoCruoia

13 3362 15 3423 ἓ
120 3370 156 3436 de
169 3375 300 3440 Austris
316 3375 429 3457 iugiter
446 3375 503 3438 deo
519 3374 743 3448 famulantibus,
760 3374 917 3459 quamdam
933 3374 1158 3457 possessionem
1177 3373 1208 3435 in
1226 3374 1314 3436 metis

121 3482 285 3569 Hannonis
311 3488 342 3546 et
362 3482 492 3549 Austris
513 3484 692 3547 existentem
713 3483 932 3549 Borandonbe
953 3487 1108 3551 rooalaor,
1130 3498 1219 3563 quam
1242 3478 1313 3543 olim

122 3588 217 3654 Sioda·
229 3589 441 3654 inhabitabant
457 3596 488 3654 et
504 3589 660 3663 colebant,
686 3610 753 3654 oum
770 3589 907 3654 ornoibus
924 3587 1101 3653 rtilitatibus
1117 3586 1180 3650 suis
1196 3591 1226 3650 et
1241 3607 1314 3673 per-

120 3695 247 3761 tinentiis
265 3716 367 3760 eoram
384 3697 468 3761 nobis
485 3698 647 3762 contulerit
662 3699 728 3762 iure
744 3702 894 3782 perpetuo
910 3701 941 3760 el
956 3694 1198 3761 irremeabiliter
1213 3695 1315 3778 possi·

122 3802 243 3868 lendan
260 3810 293 3868 et
313 3805 497 3879 habendam,
523 3807 603 3870 sieut
626 3808 655 3869 in
677 3806 787 3871 litteris
810 3805 945 3870 eiusdem
969 3805 1082 3869 domini
1104 3804 1198 3867 nostri
1219 3803 1312 3887 Regis

120 3910 231 3994 plenius
249 3915 438 3985 continetur3
454 3920 485 3978 et
500 3913 594 3978 abbas
611 3935 646 3979 ao
663 3914 759 3978 oeteri
776 3915 886 3976 fratres
903 3913 977 3976 dioli
994 3911 1119 3976 Cenobii
1139 3932 1193 3975 nos
1210 3917 1314 3995 petant

120 4018 278 4093 instanter,
309 4027 339 4085 rt
366 4022 483 4085 litteras
506 4020 864 4086 nostras'testinroniales
891 4041 985 4103 super
1001 4021 1065 4105 ipsa
1082 4018 1240 4085 collatione
1257 4039 1313 4101 per

120 4126 210 4209 ipsum
227 4129 380 4193 dominum
397 4136 531 4192 nostrum
547 4131 660 4212 Regem
683 4128 798 4193 eisdem
824 4128 904 4191 laeta
920 4127 1093 4193 concedere
1110 4127 1313 4210 dignaremur,

121 4254 172 4298 noa
194 4238 271 4299 iuxta
295 4237 421 4300 uerbum
448 4256 561 4319 organo
591 4237 742 4300 dominice
773 4237 858 4301 noeis
889 4236 1049 4309 emissum,
1072 4236 1152 4320 quod
1176 4235 1312 4299 audimus

119 4339 270 4426 loquimur,
286 4349 317 4406 et
333 4343 413 4426 quod
429 4344 556 4409 uidimus
573 4348 716 4408 testamur
725 4364 735 4416 ;
753 4342 917 4407 eorundem
933 4343 1057 4408 fratrum
1075 4343 1164 4408 iustis
1180 4343 1311 4427 peticio·

121 4448 203 4512 albos
229 4457 376 4516 abuentes
400 4456 559 4536 presentes
581 4451 698 4516 litteras
720 4457 841 4515 nostras
865 4471 958 4533 super
980 4452 1129 4534 premissa
1146 4450 1313 4515 donacione

122 4554 176 4639 ipsi
193 4557 376 4622 blonasterio
399 4568 510 4625 sonmo
527 4560 641 4625 Oroete
665 4563 697 4623 et
719 4557 822 4622 abbati
850 4578 885 4621 ao
902 4559 1046 4623 tratribus
1062 4559 1091 4620 io
1108 4558 1214 4621 eodem
1231 4558 1312 4621 resi-

121 4660 255 4729 dentibus
272 4686 329 4751 per
344 4665 443 4749 ipsum
465 4666 615 4732 dominum
631 4670 767 4732 nostrum
782 4663 896 4746 Regem
923 4667 1003 4730 laola
1019 4685 1122 4730 eoram
1150 4666 1251 4736 nobis,
1281 4669 1313 4727 ut
