3192 5342
295 482 372 554 332

291 657 459 742 predictam
486 655 712 741 possessionem
746 653 871 720 Weliod
897 654 971 717 dicti
1000 652 1149 740 Greporii
1177 649 1214 713 de
1242 652 1309 713 iure
1330 650 1480 733 pertinens

290 768 383 833 suerit
398 772 429 832 et
453 767 581 832 attinere
598 763 725 837 dehent,
753 763 881 848 ipseque
903 767 983 827 mete
1006 766 1038 825 et
1058 764 1144 844 signa
1167 758 1287 823 metalia
1312 758 1482 842 peripsum

292 880 519 961 procuratorem
542 890 628 936 sunm
657 876 781 935 ostense
805 877 836 933 et
863 870 1067 934 demonstrate
1093 888 1129 932 ac
1157 867 1276 931 tsndem
1304 886 1360 951 per
1386 866 1481 948 ipsum

291 982 493 1055 mamboleio,
523 980 668 1045 uidelicet
690 984 769 1043 mele
785 984 867 1043 terra
889 984 921 1042 et
943 979 1031 1061 sigua
1046 977 1166 1041 metalia
1183 977 1264 1041 dicte
1280 975 1483 1058 possessionis

291 1112 345 1155 sue
365 1090 548 1175 Tunofulua
575 1109 592 1152 a
616 1094 701 1171 porte
725 1092 889 1152 memorate
906 1088 1110 1171 possessionis
1133 1086 1251 1151 wetino
1265 1084 1359 1168 ipsius
1376 1083 1485 1147 actoris

291 1203 469 1282 separantes
491 1197 605 1261 luerint
628 1200 660 1260 et
681 1197 869 1265 existerent,
898 1193 1003 1258 dicere
1025 1199 1057 1259 et
1079 1193 1196 1257 referre
1217 1196 1355 1268 tenetur,
1383 1191 1435 1275 qui
1461 1191 1486 1254 si

291 1307 389 1389 ipsam
406 1305 665 1370 conscienciosam
682 1304 886 1368 assensionem
904 1304 1038 1376 iaceret,
1066 1306 1138 1367 tunc
1154 1300 1280 1365 eandem
1296 1305 1408 1363 terram
1425 1298 1484 1361 liti-

290 1413 405 1497 giosam
421 1412 579 1497 premissis
597 1411 702 1484 molis,
730 1431 786 1495 per
802 1412 900 1494 ipsum
916 1411 1049 1475 ostensis
1067 1417 1097 1473 et
1113 1408 1306 1474 reamhulatis
1322 1408 1352 1470 in
1368 1406 1486 1470 modum

290 1520 509 1586 sulliciencium
539 1520 756 1606 npparencium
783 1525 930 1583 metarum
959 1521 1129 1590 renouatis,
1157 1537 1276 1582 sursum
1303 1517 1431 1580 eleuatis
1457 1525 1488 1579 et

289 1632 403 1696 erectis
432 1630 470 1694 ad
497 1629 610 1693 dictum
637 1629 862 1713 possessionem
891 1628 1058 1693 Tnnalnlua
1086 1628 1183 1711 ipsius
1211 1626 1329 1692 Domini
1357 1624 1486 1689 Abbatis

290 1738 457 1821 adiungent
473 1738 570 1819 sideru
583 1740 711 1803 Domino
724 1737 848 1802 Abbati:
865 1739 891 1802 si
909 1759 982 1802 uero
999 1739 1093 1822 ipsam
1109 1737 1369 1802 conscienciosam
1385 1755 1489 1798 asser·

290 1846 408 1911 cionem
426 1845 530 1909 locere
546 1845 655 1919 nollet,
681 1845 728 1908 nel
745 1863 804 1907 non
820 1848 942 1929 posset,
966 1848 1039 1909 tuno
1056 1843 1182 1907 candem
1197 1847 1309 1907 terram
1325 1841 1488 1924 litigiosam

290 1954 447 2038 premissis
476 1956 563 2018 metis
585 1954 760 2039 peripsum
784 1954 973 2041 Greporissm
994 1958 1127 2017 actorem
1155 1952 1286 2015 ostensis
1309 1957 1340 2014 et
1361 1949 1488 2014 demon-

289 2063 403 2134 stratis,
421 2064 451 2125 in
467 2060 736 2147 superioribusque
753 2062 934 2145 conscriptis
956 2062 1115 2125 conferent
1139 2062 1169 2123 in
1192 2057 1312 2123 modum
1335 2077 1488 2143 apparen-

289 2171 367 2234 cium
382 2175 529 2233 metarum
555 2171 667 2233 erectis
697 2174 728 2233 et
755 2171 910 2234 renouatio
933 2168 972 2233 ad
993 2167 1104 2233 dictam
1121 2169 1346 2252 possessionem
1367 2167 1490 2232 llisliod

289 2281 385 2364 ipsius
415 2281 564 2368 Greporii
587 2278 765 2366 applicando
795 2279 892 2344 eidonn
917 2280 1072 2367 crepam
1101 2286 1132 2342 et
1160 2277 1222 2343 suis
1253 2276 1490 2342 successorihus

288 2388 440 2452 uniuersis
456 2390 486 2452 in
502 2392 680 2473 perpetuum
697 2387 858 2472 possidere
874 2392 998 2460 tenere,
1026 2394 1117 2471 prout
1141 2392 1173 2452 et
1187 2384 1302 2450 hebere
1319 2390 1502 2449 statuerent·

291 2507 322 2561 et
349 2497 572 2563 committerent
598 2496 677 2579 regii
705 2502 737 2560 et
767 2496 911 2581 Capitoli
935 2498 1118 2563 Jouriensis
1145 2496 1282 2562 homines
1310 2495 1492 2579 supradicti,

292 2605 534 2671 contradictione
551 2603 715 2669 earundem
727 2606 861 2688 parcium
878 2611 911 2669 et
925 2604 1051 2669 aliorum
1064 2603 1266 2690 quorumlihet
1278 2622 1337 2666 non
1349 2602 1494 2667 obstante

294 2720 325 2777 et
341 2719 502 2797 propterea
525 2714 619 2796 ipsius
642 2713 873 2778 consciencioss
895 2713 1077 2778 assercionis
1101 2717 1133 2777 et
1148 2712 1378 2796 possessionum
1395 2714 1494 2775 statn-

293 2822 401 2887 icionis
429 2820 508 2885 diem
537 2841 603 2886 cum
632 2820 773 2886 cursibus
803 2828 947 2886 moturum
970 2828 1001 2884 et
1021 2822 1155 2886 terminis
1182 2820 1256 2884 inihi
1280 2821 1358 2903 parti
1386 2819 1496 2902 negari

293 2950 442 3013 processu
459 2929 495 2993 ad
520 2937 641 2993 octauas
666 2930 736 2993 festi
754 2930 834 2994 locati
850 2928 1007 2994 Michaelis
1023 2929 1224 3012 Archangeli,
1254 2926 1395 2992 similiter
1419 2934 1494 2992 tnnc

293 3037 442 3102 affirmans
459 3037 545 3102 nohis
562 3058 617 3120 per
640 3045 743 3121 partes
759 3039 788 3100 in
806 3036 915 3102 litteris
932 3037 1006 3103 dicti
1024 3038 1153 3122 Capituli
1170 3036 1364 3102 nolueramus
1380 3056 1495 3120 repor-

292 3147 357 3210 tari.
383 3146 518 3210 Tandem
534 3147 609 3230 ipsis
626 3152 734 3210 octaua
749 3147 821 3211 lesti
838 3146 918 3211 beati
935 3146 1093 3212 Michaelis
1109 3145 1294 3230 Archangeli
1309 3145 1494 3210 instantibus

292 3254 419 3337 prelatis
441 3254 547 3318 Frater
570 3255 713 3319 ,loannes
733 3273 788 3338 pro
811 3255 879 3338 ipso
896 3254 1022 3319 Domino
1038 3255 1145 3318 Fratre
1163 3255 1356 3320 sommam
1371 3252 1494 3318 Abbate

292 3381 359 3425 cum
375 3363 594 3446 procuratoriis
620 3361 731 3426 litteris
755 3363 867 3438 nostris
889 3361 927 3426 ad
957 3369 1089 3427 nostram
1117 3362 1268 3428 ueniendo
1296 3362 1494 3446 presenciam

291 3469 408 3534 litteras
425 3471 532 3554 prelati
546 3471 688 3558 Capituli
697 3472 878 3537 ,lacrimosis
893 3492 986 3555 super
1001 3472 1161 3555 premissis
1178 3471 1319 3537 memoria
1333 3471 1495 3536 consectas

293 3576 380 3641 nohis
406 3578 614 3662 presentauit,
642 3579 790 3642 hahentes
812 3580 893 3644 hunc
915 3584 1066 3644 tenorem:
1090 3580 1154 3644 Nos
1171 3578 1340 3663 Capitulum
1357 3580 1495 3644 ecclesie

290 3686 472 3753 lauriensis
484 3686 587 3751 domus
604 3708 658 3771 pro
675 3688 830 3761 memoria,
848 3687 927 3773 qnod
941 3706 1008 3756 com
1025 3708 1079 3753 nos
1093 3689 1227 3773 receptis
1245 3689 1358 3753 litteris
1370 3688 1496 3771 Magni-

291 3795 341 3859 lici
357 3795 430 3866 uiri,
448 3792 574 3858 Comitis
589 3795 704 3861 Jacobs·
717 3796 758 3860 ele
773 3796 910 3884 Scopas,
938 3795 1046 3861 iudicis
1063 3798 1147 3862 curie
1165 3795 1283 3861 Domini
1298 3797 1412 3879 Regis,
1430 3797 1496 3863 lor·

290 3922 367 3966 marn
384 3923 439 3967 suo
456 3902 600 3965 iudicaris
613 3904 835 3967 commissionis
848 3903 1070 3975 denotantibus,
1087 3905 1166 3968 inter
1180 3905 1381 3992 Grepors‘son,
1399 3904 1497 3970 lilium

292 4014 395 4077 Belod
408 4013 450 4077 de
463 4012 700 4099 Idrsschefflenp,
718 4018 853 4076 actorem
870 4012 907 4077 ah
924 4034 992 4086 una,
1009 4020 1040 4079 et
1055 4014 1236 4095 religiosum
1252 4015 1367 4091 uirum,
1384 4014 1496 4079 Douni-

292 4139 360 4182 num
389 4120 525 4185 Fratrem
554 4122 798 4195 salamancam,
826 4121 972 4186 hhhntem
997 4122 1131 4187 ecclesie
1158 4122 1279 4188 Sancte
1302 4124 1435 4195 Crucis,
1465 4123 1497 4185 in

292 4247 411 4291 causum
429 4233 597 4299 attractum,
615 4235 701 4311 parto
717 4232 753 4295 oh
770 4229 882 4302 altera,
905 4232 1070 4302 coniectis,
1094 4251 1153 4295 uns
1169 4251 1236 4294 eum
1255 4230 1403 4304 Simone,
1435 4230 1497 4294 lilio

291 4333 387 4398 Pauli
400 4336 439 4399 de
456 4336 593 4409 Zelcste,
622 4337 779 4401 Dominum
794 4340 970 4412 Jooonem,
999 4338 1191 4403 sacerdotem
1208 4338 1295 4403 chori
1312 4340 1431 4411 nostri,
1462 4360 1498 4403 sc

292 4443 465 4523 magistrum
498 4443 601 4509 altaris
628 4445 732 4510 Sancti
762 4448 908 4512 Demetrii
939 4448 1099 4534 llartyrls,
1135 4449 1164 4510 ln
1194 4468 1326 4531 corpore
1350 4448 1498 4533 predicte

293 4550 426 4612 ecclesie
449 4556 550 4615 nostre
566 4553 745 4627 existentis,
773 4575 829 4638 pro
852 4561 938 4639 parte
959 4557 1092 4621 annotnti
1110 4557 1276 4644 Greporis'‚
1306 4555 1359 4619 lilii
1375 4557 1497 4630 Becco,

293 4662 324 4718 et
353 4655 501 4722 Mothoeo
531 4661 571 4724 de
599 4661 720 4734 Kotho,
749 4663 917 4729 hominihus
951 4666 1067 4749 regiis,
1101 4666 1279 4748 magistrum
1308 4667 1497 4753 Georqium.
