<?xml version="1.0" encoding="UTF-8"?>
<!DOCTYPE html PUBLIC "-//W3C//DTD XHTML 1.0 Transitional//EN"
    "http://www.w3.org/TR/xhtml1/DTD/xhtml1-transitional.dtd">
<html xmlns="http://www.w3.org/1999/xhtml" xml:lang="en" lang="en">
 <head>
  <title>
</title>
<meta http-equiv="Content-Type" content="text/html;charset=utf-8" />
  <meta name='ocr-system' content='tesseract 3.04.00' />
  <meta name='ocr-capabilities' content='ocr_page ocr_carea ocr_par ocr_line ocrx_word'/>
</head>
<body>
  <div class='ocr_page' id='page_1' title='image "./fontesrerumaust07unkngoog_0114.png"; bbox 0 0 3192 5342; ppageno 0'>
   <div class='ocr_carea' id='block_1_1' title="bbox 1265 490 1335 563">
    <p class='ocr_par' dir='ltr' id='par_1_1' title="bbox 1265 490 1335 563">
     <span class='ocr_line' id='line_1_1' title="bbox 1265 490 1335 563; baseline -0.029 -1"><span class='ocrx_word' id='word_1_1' title='bbox 1265 490 1335 563; x_wconf 85' lang='lat'><strong>101</strong></span> 
     </span>
    </p>
   </div>
   <div class='ocr_carea' id='block_1_2' title="bbox 138 663 1341 1182">
    <p class='ocr_par' dir='ltr' id='par_1_2' title="bbox 138 663 1341 1182">
     <span class='ocr_line' id='line_1_2' title="bbox 142 663 1341 751; baseline 0.001 -23"><span class='ocrx_word' id='word_1_2' title='bbox 142 664 195 728; x_wconf 83' lang='lat' dir='ltr'><strong>das</strong></span> <span class='ocrx_word' id='word_1_3' title='bbox 211 665 237 729; x_wconf 94' lang='lat' dir='ltr'><strong>ei</strong></span> <span class='ocrx_word' id='word_1_4' title='bbox 255 665 286 729; x_wconf 94' lang='lat' dir='ltr'><strong>in</strong></span> <span class='ocrx_word' id='word_1_5' title='bbox 302 666 357 732; x_wconf 91' lang='lat' dir='ltr'><strong>mit</strong></span> <span class='ocrx_word' id='word_1_6' title='bbox 372 666 401 730; x_wconf 87' lang='lat' dir='ltr'><strong>ir</strong></span> <span class='ocrx_word' id='word_1_7' title='bbox 416 667 517 733; x_wconf 89' lang='lat' dir='ltr'><strong>selbes</strong></span> <span class='ocrx_word' id='word_1_8' title='bbox 532 672 608 751; x_wconf 84' lang='lat' dir='ltr'><strong>guel</strong></span> <span class='ocrx_word' id='word_1_9' title='bbox 623 666 660 730; x_wconf 90' lang='lat' dir='ltr'><strong>da</strong></span> <span class='ocrx_word' id='word_1_10' title='bbox 676 664 762 729; x_wconf 84' lang='lat' dir='ltr'><strong>solbe</strong></span> <span class='ocrx_word' id='word_1_11' title='bbox 778 664 923 731; x_wconf 85' lang='lat' dir='ltr'><strong>bestattet</strong></span> <span class='ocrx_word' id='word_1_12' title='bbox 939 663 1071 729; x_wconf 75' lang='lat' dir='ltr'><strong>hebent·</strong></span> <span class='ocrx_word' id='word_1_13' title='bbox 1094 665 1161 729; x_wconf 88' lang='lat' dir='ltr'><strong>Vnd</strong></span> <span class='ocrx_word' id='word_1_14' title='bbox 1184 663 1238 727; x_wconf 88' lang='lat' dir='ltr'><strong>dar</strong></span> <span class='ocrx_word' id='word_1_15' title='bbox 1254 663 1341 729; x_wconf 89' lang='lat' dir='ltr'><strong>rmbe</strong></span> 
     </span>
     <span class='ocr_line' id='line_1_3' title="bbox 141 771 1341 857; baseline -0.001 -21"><span class='ocrx_word' id='word_1_16' title='bbox 141 771 201 857; x_wconf 88' lang='lat' dir='ltr'><strong>geb</strong></span> <span class='ocrx_word' id='word_1_17' title='bbox 225 775 283 837; x_wconf 77' lang='lat' dir='ltr'><strong>wir</strong></span> <span class='ocrx_word' id='word_1_18' title='bbox 304 775 336 837; x_wconf 92' lang='lat' dir='ltr'><strong>in</strong></span> <span class='ocrx_word' id='word_1_19' title='bbox 356 773 443 837; x_wconf 88' lang='lat' dir='ltr'><strong>dieen</strong></span> <span class='ocrx_word' id='word_1_20' title='bbox 466 774 549 857; x_wconf 88' lang='lat' dir='ltr'><strong>priei</strong></span> <span class='ocrx_word' id='word_1_21' title='bbox 568 793 604 837; x_wconf 82' lang='lat' dir='ltr'><strong>ee</strong></span> <span class='ocrx_word' id='word_1_22' title='bbox 626 773 715 836; x_wconf 91' lang='lat' dir='ltr'><strong>einen</strong></span> <span class='ocrx_word' id='word_1_23' title='bbox 743 772 894 855; x_wconf 87' lang='lat' dir='ltr'><strong>sicbtigen</strong></span> <span class='ocrx_word' id='word_1_24' title='bbox 916 771 976 837; x_wconf 85' lang='lat' dir='ltr'><strong>rnd</strong></span> <span class='ocrx_word' id='word_1_25' title='bbox 998 792 1098 837; x_wconf 87' lang='lat' dir='ltr'><strong>waren</strong></span> <span class='ocrx_word' id='word_1_26' title='bbox 1115 771 1251 837; x_wconf 87' lang='lat' dir='ltr'><strong>rrcbuud</strong></span> <span class='ocrx_word' id='word_1_27' title='bbox 1268 792 1341 837; x_wconf 83' lang='lat' dir='ltr'><strong>rer·</strong></span> 
     </span>
     <span class='ocr_line' id='line_1_4' title="bbox 139 875 1341 964; baseline 0 -20"><span class='ocrx_word' id='word_1_28' title='bbox 139 879 231 964; x_wconf 88' lang='lat' dir='ltr'><strong>sigelt</strong></span> <span class='ocrx_word' id='word_1_29' title='bbox 248 881 303 944; x_wconf 91' lang='lat' dir='ltr'><strong>mit</strong></span> <span class='ocrx_word' id='word_1_30' title='bbox 317 900 439 946; x_wconf 81' lang='lat' dir='ltr'><strong>vneerm</strong></span> <span class='ocrx_word' id='word_1_31' title='bbox 450 875 573 964; x_wconf 78' lang='lat' dir='ltr'><strong>lnsig&#39;el.</strong></span> <span class='ocrx_word' id='word_1_32' title='bbox 599 881 710 944; x_wconf 80' lang='lat' dir='ltr'><strong>Dieser</strong></span> <span class='ocrx_word' id='word_1_33' title='bbox 722 881 809 964; x_wconf 85' lang='lat' dir='ltr'><strong>priei</strong></span> <span class='ocrx_word' id='word_1_34' title='bbox 822 881 862 945; x_wconf 92' lang='lat' dir='ltr'><strong>ist</strong></span> <span class='ocrx_word' id='word_1_35' title='bbox 877 880 1020 963; x_wconf 79' lang='lat' dir='ltr'>gegeben</span> <span class='ocrx_word' id='word_1_36' title='bbox 1037 901 1073 944; x_wconf 81' lang='lat' dir='ltr'><strong>ze</strong></span> <span class='ocrx_word' id='word_1_37' title='bbox 1085 882 1201 953; x_wconf 81' lang='lat' dir='ltr'><strong>Wicns,</strong></span> <span class='ocrx_word' id='word_1_38' title='bbox 1218 880 1256 945; x_wconf 88' lang='lat' dir='ltr'><strong>da</strong></span> <span class='ocrx_word' id='word_1_39' title='bbox 1273 899 1341 944; x_wconf 90' lang='lat' dir='ltr'><strong>man</strong></span> 
     </span>
     <span class='ocr_line' id='line_1_5' title="bbox 139 986 1341 1073; baseline 0.001 -22"><span class='ocrx_word' id='word_1_40' title='bbox 139 986 198 1051; x_wconf 81' lang='lat' dir='ltr'><strong>salt</strong></span> <span class='ocrx_word' id='word_1_41' title='bbox 214 1008 273 1051; x_wconf 87' lang='lat' dir='ltr'><strong>ron</strong></span> <span class='ocrx_word' id='word_1_42' title='bbox 290 987 427 1054; x_wconf 76' lang='lat' dir='ltr'>Christos</span> <span class='ocrx_word' id='word_1_43' title='bbox 443 996 553 1073; x_wconf 86' lang='lat' dir='ltr'><strong>gepurt</strong></span> <span class='ocrx_word' id='word_1_44' title='bbox 567 989 774 1056; x_wconf 79' lang='lat' dir='ltr'><strong>Drentsecben</strong></span> <span class='ocrx_word' id='word_1_45' title='bbox 791 987 922 1054; x_wconf 81' lang='lat' dir='ltr'><strong>hundert</strong></span> <span class='ocrx_word' id='word_1_46' title='bbox 936 989 983 1052; x_wconf 90' lang='lat' dir='ltr'><strong>lar</strong></span> <span class='ocrx_word' id='word_1_47' title='bbox 998 988 1053 1053; x_wconf 89' lang='lat' dir='ltr'><strong>dar</strong></span> <span class='ocrx_word' id='word_1_48' title='bbox 1068 989 1127 1053; x_wconf 87' lang='lat' dir='ltr'><strong>nab</strong></span> <span class='ocrx_word' id='word_1_49' title='bbox 1142 989 1173 1053; x_wconf 92' lang='lat' dir='ltr'><strong>iu</strong></span> <span class='ocrx_word' id='word_1_50' title='bbox 1189 990 1258 1054; x_wconf 91' lang='lat' dir='ltr'><strong>dem</strong></span> <span class='ocrx_word' id='word_1_51' title='bbox 1275 989 1341 1053; x_wconf 86' lang='lat' dir='ltr'><strong>rior</strong></span> 
     </span>
     <span class='ocr_line' id='line_1_6' title="bbox 138 1095 1338 1182; baseline -0.001 -20"><span class='ocrx_word' id='word_1_52' title='bbox 138 1095 196 1162; x_wconf 86' lang='lat' dir='ltr'><strong>rod</strong></span> <span class='ocrx_word' id='word_1_53' title='bbox 213 1095 472 1161; x_wconf 83' lang='lat' dir='ltr'><strong>zwaiuziobietem</strong></span> <span class='ocrx_word' id='word_1_54' title='bbox 487 1099 543 1171; x_wconf 91' lang='lat' dir='ltr'><strong>lar,</strong></span> <span class='ocrx_word' id='word_1_55' title='bbox 569 1116 604 1161; x_wconf 87' lang='lat' dir='ltr'><strong>an</strong></span> <span class='ocrx_word' id='word_1_56' title='bbox 621 1097 689 1161; x_wconf 92' lang='lat' dir='ltr'><strong>dem</strong></span> <span class='ocrx_word' id='word_1_57' title='bbox 706 1099 835 1162; x_wconf 85' lang='lat' dir='ltr'><strong>nebeten</strong></span> <span class='ocrx_word' id='word_1_58' title='bbox 851 1096 967 1180; x_wconf 80' lang='lat' dir='ltr'><strong>Suntsg</strong></span> <span class='ocrx_word' id='word_1_59' title='bbox 987 1117 1042 1162; x_wconf 81' lang='lat' dir='ltr'><strong>ror</strong></span> <span class='ocrx_word' id='word_1_60' title='bbox 1057 1097 1261 1182; x_wconf 83' lang='lat' dir='ltr'><strong>plromoetern</strong></span> <span class='ocrx_word' id='word_1_61' title='bbox 1276 1104 1338 1179; x_wconf 84' lang='lat' dir='ltr'><strong>teg.</strong></span> 
     </span>
    </p>
   </div>
   <div class='ocr_carea' id='block_1_3' title="bbox 211 1218 963 1291">
    <p class='ocr_par' dir='ltr' id='par_1_3' title="bbox 211 1218 963 1291">
     <span class='ocr_line' id='line_1_7' title="bbox 211 1218 963 1291; baseline 0.004 -18"><span class='ocrx_word' id='word_1_62' title='bbox 211 1219 332 1291; x_wconf 84' lang='lat' dir='ltr'><strong>Origiaal</strong></span> <span class='ocrx_word' id='word_1_63' title='bbox 343 1219 391 1275; x_wconf 83' lang='lat' dir='ltr'><strong>aci</strong></span> <span class='ocrx_word' id='word_1_64' title='bbox 401 1220 569 1290; x_wconf 83' lang='lat' dir='ltr'><strong>Pergament,</strong></span> <span class='ocrx_word' id='word_1_65' title='bbox 582 1219 679 1276; x_wconf 80' lang='lat' dir='ltr'><strong>deseca</strong></span> <span class='ocrx_word' id='word_1_66' title='bbox 691 1218 746 1276; x_wconf 89' lang='lat' dir='ltr'><strong>rier</strong></span> <span class='ocrx_word' id='word_1_67' title='bbox 759 1219 851 1290; x_wconf 85' lang='lat' dir='ltr'><strong>Siegsl</strong></span> <span class='ocrx_word' id='word_1_68' title='bbox 866 1219 963 1277; x_wconf 86' lang='lat' dir='ltr'><strong>iohlen.</strong></span> 
     </span>
    </p>
   </div>
   <div class='ocr_carea' id='block_1_4' title="bbox 661 1400 815 1481">
    <p class='ocr_par' dir='ltr' id='par_1_4' title="bbox 661 1400 815 1481">
     <span class='ocr_line' id='line_1_8' title="bbox 661 1400 815 1481; baseline -0.006 -2"><span class='ocrx_word' id='word_1_69' title='bbox 661 1400 815 1481; x_wconf 83' lang='lat' dir='ltr'><strong>XCVlll.</strong></span> 
     </span>
    </p>
   </div>
   <div class='ocr_carea' id='block_1_5' title="bbox 139 1541 1340 1707">
    <p class='ocr_par' dir='ltr' id='par_1_5' title="bbox 139 1541 1340 1707">
     <span class='ocr_line' id='line_1_9' title="bbox 139 1541 1340 1622; baseline -0.001 -18"><span class='ocrx_word' id='word_1_70' title='bbox 139 1541 214 1614; x_wconf 67' lang='lat'>1³2¹„</span> <span class='ocrx_word' id='word_1_71' title='bbox 234 1543 278 1604; x_wconf 70' lang='lat' dir='ltr'><strong>lo</strong></span> <span class='ocrx_word' id='word_1_72' title='bbox 296 1542 361 1603; x_wconf 74' lang='lat' dir='ltr'><strong>ltl.</strong></span> <span class='ocrx_word' id='word_1_73' title='bbox 374 1575 411 1585; x_wconf 90' lang='lat'>-</span> <span class='ocrx_word' id='word_1_74' title='bbox 425 1543 644 1619; x_wconf 65' lang='lat' dir='ltr'><strong>Zaguinbrief</strong></span> <span class='ocrx_word' id='word_1_75' title='bbox 655 1544 704 1602; x_wconf 78' lang='lat' dir='ltr'><strong>des</strong></span> <span class='ocrx_word' id='word_1_76' title='bbox 723 1546 918 1622; x_wconf 71' lang='lat' dir='ltr'><strong>Doneopitels</strong></span> <span class='ocrx_word' id='word_1_77' title='bbox 938 1562 994 1602; x_wconf 79' lang='lat' dir='ltr'><strong>von</strong></span> <span class='ocrx_word' id='word_1_78' title='bbox 1010 1546 1093 1603; x_wconf 74' lang='lat' dir='ltr'><strong>naso</strong></span> <span class='ocrx_word' id='word_1_79' title='bbox 1110 1548 1142 1603; x_wconf 82' lang='lat' dir='ltr'><strong>irs</strong></span> <span class='ocrx_word' id='word_1_80' title='bbox 1159 1545 1274 1619; x_wconf 69' lang='lat' dir='ltr'><strong>Betrcff</strong></span> <span class='ocrx_word' id='word_1_81' title='bbox 1286 1546 1340 1603; x_wconf 78' lang='lat' dir='ltr'><strong>der</strong></span> 
     </span>
     <span class='ocr_line' id='line_1_10' title="bbox 269 1635 1207 1707; baseline 0.005 -19"><span class='ocrx_word' id='word_1_82' title='bbox 269 1635 509 1703; x_wconf 65' lang='lat' dir='ltr'><strong>Batauoerpaoe</strong></span> <span class='ocrx_word' id='word_1_83' title='bbox 521 1635 570 1690; x_wconf 78' lang='lat' dir='ltr'><strong>dos</strong></span> <span class='ocrx_word' id='word_1_84' title='bbox 585 1635 672 1691; x_wconf 78' lang='lat' dir='ltr'><strong>(lutee</strong></span> <span class='ocrx_word' id='word_1_85' title='bbox 684 1637 757 1692; x_wconf 82' lang='lat' dir='ltr'><strong>Potb</strong></span> <span class='ocrx_word' id='word_1_86' title='bbox 770 1655 810 1693; x_wconf 82' lang='lat' dir='ltr'><strong>ars</strong></span> <span class='ocrx_word' id='word_1_87' title='bbox 822 1637 870 1693; x_wconf 76' lang='lat' dir='ltr'><strong>dte</strong></span> <span class='ocrx_word' id='word_1_88' title='bbox 881 1637 966 1693; x_wconf 63' lang='lat' dir='ltr'><strong>Aaou</strong></span> <span class='ocrx_word' id='word_1_89' title='bbox 978 1638 1207 1707; x_wconf 63' lang='lat' dir='ltr'><strong>floccipenderes.</strong></span> 
     </span>
    </p>
   </div>
   <div class='ocr_carea' id='block_1_6' title="bbox 136 1753 1340 2381">
    <p class='ocr_par' dir='ltr' id='par_1_6' title="bbox 136 1753 1340 2381">
     <span class='ocr_line' id='line_1_11' title="bbox 229 1753 1339 1840; baseline 0.001 -22"><span class='ocrx_word' id='word_1_90' title='bbox 229 1753 399 1839; x_wconf 82' lang='lat' dir='ltr'><strong>Capitulum</strong></span> <span class='ocrx_word' id='word_1_91' title='bbox 422 1755 626 1821; x_wconf 80' lang='lat' dir='ltr'><strong>Josrrineasie</strong></span> <span class='ocrx_word' id='word_1_92' title='bbox 647 1755 781 1822; x_wconf 73' lang='lat' dir='ltr'><strong>ecclesie</strong></span> <span class='ocrx_word' id='word_1_93' title='bbox 805 1756 943 1821; x_wconf 91' lang='lat' dir='ltr'><strong>omnibus</strong></span> <span class='ocrx_word' id='word_1_94' title='bbox 967 1758 1073 1821; x_wconf 90' lang='lat' dir='ltr'><strong>cbristi</strong></span> <span class='ocrx_word' id='word_1_95' title='bbox 1097 1756 1239 1822; x_wconf 87' lang='lat' dir='ltr'><strong>fidelibus</strong></span> <span class='ocrx_word' id='word_1_96' title='bbox 1267 1775 1339 1840; x_wconf 89' lang='lat' dir='ltr'><strong>pre·</strong></span> 
     </span>
     <span class='ocr_line' id='line_1_12' title="bbox 138 1861 1340 1950; baseline 0.001 -25"><span class='ocrx_word' id='word_1_97' title='bbox 138 1866 241 1927; x_wconf 85' lang='lat' dir='ltr'><strong>sentes</strong></span> <span class='ocrx_word' id='word_1_98' title='bbox 264 1861 383 1927; x_wconf 87' lang='lat' dir='ltr'><strong>litterae</strong></span> <span class='ocrx_word' id='word_1_99' title='bbox 408 1863 591 1946; x_wconf 87' lang='lat' dir='ltr'><strong>inspecturis</strong></span> <span class='ocrx_word' id='word_1_100' title='bbox 614 1862 742 1928; x_wconf 88' lang='lat' dir='ltr'><strong>salutem</strong></span> <span class='ocrx_word' id='word_1_101' title='bbox 767 1864 796 1926; x_wconf 94' lang='lat' dir='ltr'><strong>in</strong></span> <span class='ocrx_word' id='word_1_102' title='bbox 820 1864 938 1929; x_wconf 94' lang='lat' dir='ltr'><strong>domino</strong></span> <span class='ocrx_word' id='word_1_103' title='bbox 956 1866 1181 1950; x_wconf 89' lang='lat' dir='ltr'><strong>sempiternam.</strong></span> <span class='ocrx_word' id='word_1_104' title='bbox 1212 1863 1256 1927; x_wconf 82' lang='lat' dir='ltr'><strong>dd</strong></span> <span class='ocrx_word' id='word_1_105' title='bbox 1273 1865 1340 1928; x_wconf 83' lang='lat' dir='ltr'><strong>nni·</strong></span> 
     </span>
     <span class='ocr_line' id='line_1_13' title="bbox 138 1971 1338 2059; baseline 0 -24"><span class='ocrx_word' id='word_1_106' title='bbox 138 1990 297 2035; x_wconf 85' lang='lat' dir='ltr'><strong>corsorum</strong></span> <span class='ocrx_word' id='word_1_107' title='bbox 322 1971 463 2035; x_wconf 76' lang='lat' dir='ltr'>noticiam</span> <span class='ocrx_word' id='word_1_108' title='bbox 485 1971 589 2035; x_wconf 89' lang='lat' dir='ltr'><strong>harum</strong></span> <span class='ocrx_word' id='word_1_109' title='bbox 610 1972 691 2035; x_wconf 91' lang='lat' dir='ltr'><strong>serio</strong></span> <span class='ocrx_word' id='word_1_110' title='bbox 715 1971 852 2036; x_wconf 89' lang='lat' dir='ltr'><strong>uolumus</strong></span> <span class='ocrx_word' id='word_1_111' title='bbox 875 1975 1054 2057; x_wconf 85' lang='lat' dir='ltr'><strong>peruenire,</strong></span> <span class='ocrx_word' id='word_1_112' title='bbox 1077 1973 1175 2059; x_wconf 85' lang='lat' dir='ltr'><strong>quod,</strong></span> <span class='ocrx_word' id='word_1_113' title='bbox 1199 1993 1266 2039; x_wconf 91' lang='lat' dir='ltr'><strong>cum</strong></span> <span class='ocrx_word' id='word_1_114' title='bbox 1282 1992 1338 2036; x_wconf 89' lang='lat' dir='ltr'><strong>noe</strong></span> 
     </span>
     <span class='ocr_line' id='line_1_14' title="bbox 137 2080 1339 2167; baseline 0 -23"><span class='ocrx_word' id='word_1_115' title='bbox 137 2080 173 2151; x_wconf 82' lang='lat' dir='ltr'><strong>ad</strong></span> <span class='ocrx_word' id='word_1_116' title='bbox 184 2082 351 2144; x_wconf 78' lang='lat' dir='ltr'><strong>instantem</strong></span> <span class='ocrx_word' id='word_1_117' title='bbox 367 2082 547 2163; x_wconf 75' lang='lat' dir='ltr'><strong>peticionem</strong></span> <span class='ocrx_word' id='word_1_118' title='bbox 561 2082 679 2146; x_wconf 92' lang='lat' dir='ltr'><strong>comitis</strong></span> <span class='ocrx_word' id='word_1_119' title='bbox 692 2081 851 2167; x_wconf 77' lang='lat' dir='ltr'><strong>Symonis,</strong></span> <span class='ocrx_word' id='word_1_120' title='bbox 867 2081 1024 2147; x_wconf 89' lang='lat' dir='ltr'><strong>castellani</strong></span> <span class='ocrx_word' id='word_1_121' title='bbox 1040 2082 1079 2146; x_wconf 91' lang='lat' dir='ltr'><strong>de</strong></span> <span class='ocrx_word' id='word_1_122' title='bbox 1094 2084 1190 2147; x_wconf 79' lang='lat' dir='ltr'><strong>Oscor</strong></span> <span class='ocrx_word' id='word_1_123' title='bbox 1205 2087 1237 2147; x_wconf 88' lang='lat' dir='ltr'><strong>ot</strong></span> <span class='ocrx_word' id='word_1_124' title='bbox 1252 2081 1339 2147; x_wconf 86' lang='lat' dir='ltr'><strong>rice·</strong></span> 
     </span>
     <span class='ocr_line' id='line_1_15' title="bbox 137 2187 1338 2273; baseline -0.001 -19"><span class='ocrx_word' id='word_1_125' title='bbox 137 2191 257 2254; x_wconf 90' lang='lat' dir='ltr'><strong>comitis</strong></span> <span class='ocrx_word' id='word_1_126' title='bbox 273 2189 497 2261; x_wconf 70' lang='lat' dir='ltr'><strong>Haeuaimwie.</strong></span> <span class='ocrx_word' id='word_1_127' title='bbox 519 2209 575 2273; x_wconf 91' lang='lat' dir='ltr'><strong>per</strong></span> <span class='ocrx_word' id='word_1_128' title='bbox 590 2187 708 2255; x_wconf 90' lang='lat' dir='ltr'><strong>litterae</strong></span> <span class='ocrx_word' id='word_1_129' title='bbox 725 2209 795 2254; x_wconf 87' lang='lat' dir='ltr'><strong>suas</strong></span> <span class='ocrx_word' id='word_1_130' title='bbox 812 2191 899 2256; x_wconf 83' lang='lat' dir='ltr'><strong>nobie</strong></span> <span class='ocrx_word' id='word_1_131' title='bbox 916 2192 1035 2263; x_wconf 79' lang='lat' dir='ltr'><strong>iactam</strong></span> <span class='ocrx_word' id='word_1_132' title='bbox 1058 2191 1224 2256; x_wconf 88' lang='lat' dir='ltr'><strong>discretum</strong></span> <span class='ocrx_word' id='word_1_133' title='bbox 1241 2191 1338 2255; x_wconf 77' lang='lat' dir='ltr'><strong>virum</strong></span> 
     </span>
     <span class='ocr_line' id='line_1_16' title="bbox 136 2298 1337 2381; baseline 0.002 -19"><span class='ocrx_word' id='word_1_134' title='bbox 136 2298 316 2381; x_wconf 85' lang='lat' dir='ltr'><strong>magistrum</strong></span> <span class='ocrx_word' id='word_1_135' title='bbox 331 2298 500 2363; x_wconf 68' lang='lat' dir='ltr'><strong>Nicolaum</strong></span> <span class='ocrx_word' id='word_1_136' title='bbox 521 2303 674 2362; x_wconf 87' lang='lat' dir='ltr'><strong>cantorem</strong></span> <span class='ocrx_word' id='word_1_137' title='bbox 690 2299 823 2365; x_wconf 79' lang='lat' dir='ltr'><strong>ecclesie</strong></span> <span class='ocrx_word' id='word_1_138' title='bbox 839 2304 958 2372; x_wconf 86' lang='lat' dir='ltr'><strong>nostre,</strong></span> <span class='ocrx_word' id='word_1_139' title='bbox 986 2300 1106 2366; x_wconf 83' lang='lat' dir='ltr'><strong>socium</strong></span> <span class='ocrx_word' id='word_1_140' title='bbox 1127 2306 1161 2364; x_wconf 81' lang='lat' dir='ltr'><strong>et</strong></span> <span class='ocrx_word' id='word_1_141' title='bbox 1176 2320 1337 2365; x_wconf 83' lang='lat' dir='ltr'><strong>conconc-</strong></span> 
     </span>
    </p>
   </div>
   <div class='ocr_carea' id='block_1_7' title="bbox 9 2404 1337 2493">
    <p class='ocr_par' dir='ltr' id='par_1_7' title="bbox 9 2404 1337 2493">
     <span class='ocr_line' id='line_1_17' title="bbox 9 2404 1337 2493; baseline -0.002 -21"><span class='ocrx_word' id='word_1_142' title='bbox 9 2430 10 2433; x_wconf 66' lang='grc'>’</span> <span class='ocrx_word' id='word_1_143' title='bbox 136 2407 242 2472; x_wconf 75' lang='lat' dir='ltr'><strong>sicum</strong></span> <span class='ocrx_word' id='word_1_144' title='bbox 258 2414 400 2471; x_wconf 68' lang='lat' dir='ltr'><strong>nomm</strong></span> <span class='ocrx_word' id='word_1_145' title='bbox 418 2404 626 2478; x_wconf 59' lang='lat' dir='ltr'><strong>dormsimoau,</strong></span> <span class='ocrx_word' id='word_1_146' title='bbox 649 2424 827 2491; x_wconf 88' lang='lat' dir='ltr'><strong>coramque</strong></span> <span class='ocrx_word' id='word_1_147' title='bbox 844 2407 912 2491; x_wconf 91' lang='lat' dir='ltr'><strong>ipsc</strong></span> <span class='ocrx_word' id='word_1_148' title='bbox 929 2427 1030 2472; x_wconf 87' lang='lat' dir='ltr'><strong>comes</strong></span> <span class='ocrx_word' id='word_1_149' title='bbox 1041 2408 1161 2493; x_wconf 79' lang='lat' dir='ltr'><strong>Syracu</strong></span> <span class='ocrx_word' id='word_1_150' title='bbox 1172 2411 1202 2471; x_wconf 89' lang='lat' dir='ltr'><strong>et</strong></span> <span class='ocrx_word' id='word_1_151' title='bbox 1213 2405 1337 2472; x_wconf 84' lang='lat' dir='ltr'><strong>Joborr-</strong></span> 
     </span>
    </p>
   </div>
   <div class='ocr_carea' id='block_1_8' title="bbox 137 2512 1337 2710">
    <p class='ocr_par' dir='ltr' id='par_1_8' title="bbox 137 2512 1337 2710">
     <span class='ocr_line' id='line_1_18' title="bbox 137 2512 1337 2588; baseline -0.002 -8"><span class='ocrx_word' id='word_1_152' title='bbox 137 2537 193 2580; x_wconf 79' lang='lat' dir='ltr'><strong>nes</strong></span> <span class='ocrx_word' id='word_1_153' title='bbox 216 2514 299 2579; x_wconf 88' lang='lat' dir='ltr'><strong>iilius</strong></span> <span class='ocrx_word' id='word_1_154' title='bbox 321 2515 484 2586; x_wconf 81' lang='lat' dir='ltr'><strong>Volerrtini,</strong></span> <span class='ocrx_word' id='word_1_155' title='bbox 508 2514 596 2577; x_wconf 89' lang='lat' dir='ltr'><strong>bomo</strong></span> <span class='ocrx_word' id='word_1_156' title='bbox 618 2512 864 2580; x_wconf 79' lang='lat' dir='ltr'><strong>excellentissimi</strong></span> <span class='ocrx_word' id='word_1_157' title='bbox 888 2515 1000 2582; x_wconf 90' lang='lat' dir='ltr'><strong>domini</strong></span> <span class='ocrx_word' id='word_1_158' title='bbox 1026 2516 1120 2581; x_wconf 76' lang='lat' dir='ltr'><strong>noetn</strong></span> <span class='ocrx_word' id='word_1_159' title='bbox 1138 2516 1260 2588; x_wconf 77' lang='lat' dir='ltr'><strong>Korols&#39;,</strong></span> <span class='ocrx_word' id='word_1_160' title='bbox 1287 2514 1337 2579; x_wconf 89' lang='lat' dir='ltr'><strong>dei</strong></span> 
     </span>
     <span class='ocr_line' id='line_1_19' title="bbox 137 2622 1337 2710; baseline 0 -23"><span class='ocrx_word' id='word_1_161' title='bbox 137 2623 239 2707; x_wconf 83' lang='lat' dir='ltr'><strong>gracia</strong></span> <span class='ocrx_word' id='word_1_162' title='bbox 255 2622 382 2687; x_wconf 85' lang='lat' dir='ltr'><strong>illustris</strong></span> <span class='ocrx_word' id='word_1_163' title='bbox 399 2622 493 2705; x_wconf 86' lang='lat' dir='ltr'><strong>llegis</strong></span> <span class='ocrx_word' id='word_1_164' title='bbox 509 2624 685 2710; x_wconf 67' lang='lat' dir='ltr'><strong>bicorporis,</strong></span> <span class='ocrx_word' id='word_1_165' title='bbox 702 2623 923 2689; x_wconf 73' lang='lat' dir='ltr'><strong>inambularem</strong></span> <span class='ocrx_word' id='word_1_166' title='bbox 938 2623 1096 2708; x_wconf 90' lang='lat' dir='ltr'><strong>quamdam</strong></span> <span class='ocrx_word' id='word_1_167' title='bbox 1113 2624 1337 2709; x_wconf 89' lang='lat' dir='ltr'><strong>possessionem</strong></span> 
     </span>
    </p>
   </div>
   <div class='ocr_carea' id='block_1_9' title="bbox 140 2728 1339 2816">
    <p class='ocr_par' dir='ltr' id='par_1_9' title="bbox 140 2728 1339 2816">
     <span class='ocr_line' id='line_1_20' title="bbox 140 2728 1339 2816; baseline -0.002 -20"><span class='ocrx_word' id='word_1_168' title='bbox 140 2731 233 2797; x_wconf 74' lang='lat' dir='ltr'><strong>darie</strong></span> <span class='ocrx_word' id='word_1_169' title='bbox 247 2730 454 2796; x_wconf 76' lang='lat' dir='ltr'><strong>dlorreconan</strong></span> <span class='ocrx_word' id='word_1_170' title='bbox 477 2749 530 2793; x_wconf 89' lang='lat' dir='ltr'><strong>seu</strong></span> <span class='ocrx_word' id='word_1_171' title='bbox 556 2728 690 2813; x_wconf 86' lang='lat' dir='ltr'><strong>Grangie</strong></span> <span class='ocrx_word' id='word_1_172' title='bbox 713 2732 779 2795; x_wconf 90' lang='lat' dir='ltr'><strong>siue</strong></span> <span class='ocrx_word' id='word_1_173' title='bbox 803 2731 881 2796; x_wconf 83' lang='lat' dir='ltr'><strong>noui</strong></span> <span class='ocrx_word' id='word_1_174' title='bbox 902 2731 999 2816; x_wconf 90' lang='lat' dir='ltr'><strong>predii</strong></span> <span class='ocrx_word' id='word_1_175' title='bbox 1022 2732 1125 2797; x_wconf 82' lang='lat' dir='ltr'><strong>Pootb</strong></span> <span class='ocrx_word' id='word_1_176' title='bbox 1147 2736 1285 2796; x_wconf 88' lang='lat' dir='ltr'><strong>uocatam</strong></span> <span class='ocrx_word' id='word_1_177' title='bbox 1307 2736 1339 2794; x_wconf 89' lang='lat' dir='ltr'><strong>et</strong></span> 
     </span>
    </p>
   </div>
   <div class='ocr_carea' id='block_1_10' title="bbox 136 2837 1340 4763">
    <p class='ocr_par' dir='ltr' id='par_1_10' title="bbox 136 2837 1340 4763">
     <span class='ocr_line' id='line_1_21' title="bbox 139 2837 1340 2924; baseline -0.001 -21"><span class='ocrx_word' id='word_1_178' title='bbox 139 2839 329 2922; x_wconf 73' lang='lat' dir='ltr'><strong>assignarent</strong></span> <span class='ocrx_word' id='word_1_179' title='bbox 341 2858 376 2903; x_wconf 90' lang='lat' dir='ltr'><strong>ac</strong></span> <span class='ocrx_word' id='word_1_180' title='bbox 388 2842 556 2902; x_wconf 88' lang='lat' dir='ltr'><strong>statuerent</strong></span> <span class='ocrx_word' id='word_1_181' title='bbox 568 2838 651 2903; x_wconf 90' lang='lat' dir='ltr'><strong>dicte</strong></span> <span class='ocrx_word' id='word_1_182' title='bbox 664 2837 755 2904; x_wconf 86' lang='lat' dir='ltr'><strong>Curio</strong></span> <span class='ocrx_word' id='word_1_183' title='bbox 766 2838 981 2904; x_wconf 85' lang='lat' dir='ltr'><strong>reambnlatam</strong></span> <span class='ocrx_word' id='word_1_184' title='bbox 995 2860 1050 2924; x_wconf 94' lang='lat' dir='ltr'><strong>per</strong></span> <span class='ocrx_word' id='word_1_185' title='bbox 1062 2848 1184 2904; x_wconf 87' lang='lat' dir='ltr'><strong>ueteres</strong></span> <span class='ocrx_word' id='word_1_186' title='bbox 1201 2844 1296 2902; x_wconf 90' lang='lat' dir='ltr'><strong>metae</strong></span> <span class='ocrx_word' id='word_1_187' title='bbox 1308 2844 1340 2902; x_wconf 85' lang='lat' dir='ltr'><strong>et</strong></span> 
     </span>
     <span class='ocr_line' id='line_1_22' title="bbox 138 2944 1337 3031; baseline -0.001 -21"><span class='ocrx_word' id='word_1_188' title='bbox 138 2948 274 3031; x_wconf 85' lang='lat' dir='ltr'><strong>antiquas</strong></span> <span class='ocrx_word' id='word_1_189' title='bbox 292 2954 439 3030; x_wconf 89' lang='lat' dir='ltr'><strong>perpetuo</strong></span> <span class='ocrx_word' id='word_1_190' title='bbox 456 2944 686 3028; x_wconf 75' lang='lat' dir='ltr'><strong>possidendam,</strong></span> <span class='ocrx_word' id='word_1_191' title='bbox 716 2967 771 3030; x_wconf 90' lang='lat' dir='ltr'><strong>pro</strong></span> <span class='ocrx_word' id='word_1_192' title='bbox 788 2947 959 3013; x_wconf 88' lang='lat' dir='ltr'><strong>testimonio</strong></span> <span class='ocrx_word' id='word_1_193' title='bbox 975 2947 1165 3012; x_wconf 82' lang='lat' dir='ltr'><strong>duxissemus</strong></span> <span class='ocrx_word' id='word_1_194' title='bbox 1181 2947 1337 3010; x_wconf 87' lang='lat' dir='ltr'><strong>transmit·</strong></span> 
     </span>
     <span class='ocr_line' id='line_1_23' title="bbox 137 3053 1337 3139; baseline -0.002 -20"><span class='ocrx_word' id='word_1_195' title='bbox 137 3055 277 3128; x_wconf 65' lang='lat' dir='ltr'><strong>mudum,</strong></span> <span class='ocrx_word' id='word_1_196' title='bbox 301 3053 419 3118; x_wconf 91' lang='lat' dir='ltr'><strong>demum</strong></span> <span class='ocrx_word' id='word_1_197' title='bbox 449 3054 549 3118; x_wconf 89' lang='lat' dir='ltr'><strong>dictus</strong></span> <span class='ocrx_word' id='word_1_198' title='bbox 577 3056 721 3139; x_wconf 82' lang='lat' dir='ltr'><strong>magister</strong></span> <span class='ocrx_word' id='word_1_199' title='bbox 742 3055 896 3121; x_wconf 79' lang='lat' dir='ltr'><strong>Nicotaus</strong></span> <span class='ocrx_word' id='word_1_200' title='bbox 918 3060 1025 3120; x_wconf 86' lang='lat' dir='ltr'><strong>cautor</strong></span> <span class='ocrx_word' id='word_1_201' title='bbox 1049 3054 1087 3120; x_wconf 90' lang='lat' dir='ltr'><strong>ad</strong></span> <span class='ocrx_word' id='word_1_202' title='bbox 1114 3074 1169 3119; x_wconf 88' lang='lat' dir='ltr'><strong>nos</strong></span> <span class='ocrx_word' id='word_1_203' title='bbox 1191 3074 1337 3118; x_wconf 90' lang='lat' dir='ltr'><strong>reuersus</strong></span> 
     </span>
     <span class='ocr_line' id='line_1_24' title="bbox 138 3162 1335 3248; baseline 0 -20"><span class='ocrx_word' id='word_1_204' title='bbox 138 3163 223 3228; x_wconf 90' lang='lat' dir='ltr'><strong>nobis</strong></span> <span class='ocrx_word' id='word_1_205' title='bbox 240 3163 361 3235; x_wconf 86' lang='lat' dir='ltr'><strong>retulit,</strong></span> <span class='ocrx_word' id='word_1_206' title='bbox 389 3162 469 3248; x_wconf 88' lang='lat' dir='ltr'><strong>quod</strong></span> <span class='ocrx_word' id='word_1_207' title='bbox 485 3162 558 3227; x_wconf 91' lang='lat' dir='ltr'><strong>dicti</strong></span> <span class='ocrx_word' id='word_1_208' title='bbox 575 3183 679 3227; x_wconf 91' lang='lat' dir='ltr'><strong>comes</strong></span> <span class='ocrx_word' id='word_1_209' title='bbox 694 3164 814 3248; x_wconf 80' lang='lat' dir='ltr'><strong>Symon</strong></span> <span class='ocrx_word' id='word_1_210' title='bbox 829 3170 861 3228; x_wconf 90' lang='lat' dir='ltr'><strong>ot</strong></span> <span class='ocrx_word' id='word_1_211' title='bbox 875 3165 1050 3236; x_wconf 83' lang='lat' dir='ltr'><strong>Jobounes,</strong></span> <span class='ocrx_word' id='word_1_212' title='bbox 1068 3162 1148 3227; x_wconf 88' lang='lat' dir='ltr'><strong>lilius</strong></span> <span class='ocrx_word' id='word_1_213' title='bbox 1169 3163 1335 3235; x_wconf 78' lang='lat' dir='ltr'><strong>Valentini,</strong></span> 
     </span>
     <span class='ocr_line' id='line_1_25' title="bbox 136 3271 1339 3355; baseline -0.001 -19"><span class='ocrx_word' id='word_1_214' title='bbox 136 3273 223 3338; x_wconf 89' lang='lat' dir='ltr'><strong>bomo</strong></span> <span class='ocrx_word' id='word_1_215' title='bbox 247 3272 406 3336; x_wconf 85' lang='lat' dir='ltr'><strong>memorati</strong></span> <span class='ocrx_word' id='word_1_216' title='bbox 428 3272 541 3336; x_wconf 89' lang='lat' dir='ltr'><strong>domini</strong></span> <span class='ocrx_word' id='word_1_217' title='bbox 562 3274 658 3336; x_wconf 92' lang='lat' dir='ltr'><strong>nostri</strong></span> <span class='ocrx_word' id='word_1_218' title='bbox 680 3273 791 3355; x_wconf 86' lang='lat' dir='ltr'><strong>Regis,</strong></span> <span class='ocrx_word' id='word_1_219' title='bbox 820 3272 995 3337; x_wconf 85' lang='lat' dir='ltr'><strong>accedendo</strong></span> <span class='ocrx_word' id='word_1_220' title='bbox 1023 3272 1193 3338; x_wconf 82' lang='lat' dir='ltr'><strong>adfaciem</strong></span> <span class='ocrx_word' id='word_1_221' title='bbox 1219 3271 1339 3355; x_wconf 86' lang='lat' dir='ltr'><strong>prelato</strong></span> 
     </span>
     <span class='ocr_line' id='line_1_26' title="bbox 137 3379 1338 3465; baseline 0.001 -21"><span class='ocrx_word' id='word_1_222' title='bbox 137 3380 342 3465; x_wconf 84' lang='lat' dir='ltr'><strong>possessionis</strong></span> <span class='ocrx_word' id='word_1_223' title='bbox 357 3379 459 3444; x_wconf 79' lang='lat' dir='ltr'><strong>Pootb</strong></span> <span class='ocrx_word' id='word_1_224' title='bbox 483 3383 670 3464; x_wconf 85' lang='lat' dir='ltr'><strong>nuncupate,</strong></span> <span class='ocrx_word' id='word_1_225' title='bbox 695 3380 869 3445; x_wconf 87' lang='lat' dir='ltr'><strong>conuocatis</strong></span> <span class='ocrx_word' id='word_1_226' title='bbox 890 3381 998 3446; x_wconf 83' lang='lat' dir='ltr'><strong>ricinis</strong></span> <span class='ocrx_word' id='word_1_227' title='bbox 1021 3385 1052 3444; x_wconf 86' lang='lat' dir='ltr'><strong>ot</strong></span> <span class='ocrx_word' id='word_1_228' title='bbox 1068 3380 1285 3444; x_wconf 88' lang='lat' dir='ltr'><strong>commeteneie</strong></span> <span class='ocrx_word' id='word_1_229' title='bbox 1301 3398 1338 3445; x_wconf 89' lang='lat' dir='ltr'><strong>ac</strong></span> 
     </span>
     <span class='ocr_line' id='line_1_27' title="bbox 138 3485 1337 3573; baseline -0.003 -19"><span class='ocrx_word' id='word_1_230' title='bbox 138 3488 289 3554; x_wconf 89' lang='lat' dir='ltr'><strong>nobilibus</strong></span> <span class='ocrx_word' id='word_1_231' title='bbox 307 3487 405 3551; x_wconf 82' lang='lat' dir='ltr'><strong>Castri</strong></span> <span class='ocrx_word' id='word_1_232' title='bbox 420 3487 645 3560; x_wconf 61' lang='lat' dir='ltr'><strong>Maeonios-sie,</strong></span> <span class='ocrx_word' id='word_1_233' title='bbox 663 3507 795 3553; x_wconf 90' lang='lat' dir='ltr'><strong>necnon</strong></span> <span class='ocrx_word' id='word_1_234' title='bbox 812 3485 1038 3573; x_wconf 79' lang='lat' dir='ltr'><strong>quampluribus</strong></span> <span class='ocrx_word' id='word_1_235' title='bbox 1056 3485 1208 3552; x_wconf 91' lang='lat' dir='ltr'><strong>nobilibus</strong></span> <span class='ocrx_word' id='word_1_236' title='bbox 1224 3493 1256 3551; x_wconf 89' lang='lat' dir='ltr'><strong>et</strong></span> <span class='ocrx_word' id='word_1_237' title='bbox 1270 3485 1337 3550; x_wconf 90' lang='lat' dir='ltr'><strong>aliis</strong></span> 
     </span>
     <span class='ocr_line' id='line_1_28' title="bbox 137 3580 1338 3669; baseline -0.003 -7"><span class='ocrx_word' id='word_1_238' title='bbox 137 3597 229 3663; x_wconf 86' lang='lat' dir='ltr'><strong>libere</strong></span> <span class='ocrx_word' id='word_1_239' title='bbox 246 3595 436 3662; x_wconf 82' lang='lat' dir='ltr'><strong>condicionis</strong></span> <span class='ocrx_word' id='word_1_240' title='bbox 452 3595 634 3669; x_wconf 90' lang='lat' dir='ltr'><strong>bominibus,</strong></span> <span class='ocrx_word' id='word_1_241' title='bbox 652 3595 691 3659; x_wconf 92' lang='lat' dir='ltr'><strong>de</strong></span> <span class='ocrx_word' id='word_1_242' title='bbox 707 3594 994 3661; x_wconf 85' lang='lat' dir='ltr'><strong>circumiacentibus</strong></span> <span class='ocrx_word' id='word_1_243' title='bbox 1010 3595 1092 3659; x_wconf 85' lang='lat' dir='ltr'><strong>villis</strong></span> <span class='ocrx_word' id='word_1_244' title='bbox 1107 3580 1249 3659; x_wconf 84' lang='lat' dir='ltr'><strong>similiter</strong></span> <span class='ocrx_word' id='word_1_245' title='bbox 1264 3593 1338 3658; x_wconf 90' lang='lat' dir='ltr'><strong>inibi</strong></span> 
     </span>
     <span class='ocr_line' id='line_1_29' title="bbox 138 3700 1339 3788; baseline -0.004 -18"><span class='ocrx_word' id='word_1_246' title='bbox 138 3707 267 3778; x_wconf 85' lang='lat' dir='ltr'><strong>uocatis,</strong></span> <span class='ocrx_word' id='word_1_247' title='bbox 292 3703 332 3768; x_wconf 89' lang='lat' dir='ltr'><strong>de</strong></span> <span class='ocrx_word' id='word_1_248' title='bbox 359 3703 514 3786; x_wconf 86' lang='lat' dir='ltr'><strong>prouincia</strong></span> <span class='ocrx_word' id='word_1_249' title='bbox 529 3703 731 3770; x_wconf 78' lang='lat' dir='ltr'><strong>Musonicnei</strong></span> <span class='ocrx_word' id='word_1_250' title='bbox 745 3704 926 3769; x_wconf 84' lang='lat' dir='ltr'><strong>antedictam</strong></span> <span class='ocrx_word' id='word_1_251' title='bbox 949 3704 1175 3788; x_wconf 89' lang='lat' dir='ltr'><strong>possessionem</strong></span> <span class='ocrx_word' id='word_1_252' title='bbox 1197 3700 1339 3766; x_wconf 88' lang='lat' dir='ltr'><strong>reembo-</strong></span> 
     </span>
     <span class='ocr_line' id='line_1_30' title="bbox 138 3810 1338 3892; baseline -0.003 -14"><span class='ocrx_word' id='word_1_253' title='bbox 138 3815 252 3878; x_wconf 87' lang='lat' dir='ltr'><strong>lassent</strong></span> <span class='ocrx_word' id='word_1_254' title='bbox 280 3816 312 3875; x_wconf 88' lang='lat' dir='ltr'><strong>et</strong></span> <span class='ocrx_word' id='word_1_255' title='bbox 334 3813 544 3892; x_wconf 79' lang='lat' dir='ltr'><strong>assignassent</strong></span> <span class='ocrx_word' id='word_1_256' title='bbox 572 3831 607 3876; x_wconf 89' lang='lat' dir='ltr'><strong>ac</strong></span> <span class='ocrx_word' id='word_1_257' title='bbox 632 3813 811 3877; x_wconf 85' lang='lat' dir='ltr'><strong>statuissent</strong></span> <span class='ocrx_word' id='word_1_258' title='bbox 833 3811 916 3877; x_wconf 89' lang='lat' dir='ltr'><strong>dicte</strong></span> <span class='ocrx_word' id='word_1_259' title='bbox 940 3811 1032 3876; x_wconf 85' lang='lat' dir='ltr'><strong>Curio</strong></span> <span class='ocrx_word' id='word_1_260' title='bbox 1055 3811 1247 3875; x_wconf 85' lang='lat' dir='ltr'><strong>Monacorum</strong></span> <span class='ocrx_word' id='word_1_261' title='bbox 1271 3810 1338 3874; x_wconf 92' lang='lat' dir='ltr'><strong>iure</strong></span> 
     </span>
     <span class='ocr_line' id='line_1_31' title="bbox 138 3916 1338 4006; baseline -0.003 -22"><span class='ocrx_word' id='word_1_262' title='bbox 138 3926 284 4006; x_wconf 87' lang='lat' dir='ltr'><strong>perpetuo</strong></span> <span class='ocrx_word' id='word_1_263' title='bbox 310 3925 342 3986; x_wconf 89' lang='lat' dir='ltr'><strong>et</strong></span> <span class='ocrx_word' id='word_1_264' title='bbox 361 3918 601 3984; x_wconf 87' lang='lat' dir='ltr'><strong>irreuocabiliter</strong></span> <span class='ocrx_word' id='word_1_265' title='bbox 623 3920 835 4002; x_wconf 89' lang='lat' dir='ltr'><strong>possidendam</strong></span> <span class='ocrx_word' id='word_1_266' title='bbox 859 3919 941 3985; x_wconf 89' lang='lat' dir='ltr'><strong>nullo</strong></span> <span class='ocrx_word' id='word_1_267' title='bbox 963 3919 1083 4004; x_wconf 90' lang='lat' dir='ltr'><strong>penitus</strong></span> <span class='ocrx_word' id='word_1_268' title='bbox 1114 3916 1338 3984; x_wconf 87' lang='lat' dir='ltr'><strong>contradictore</strong></span> 
     </span>
     <span class='ocr_line' id='line_1_32' title="bbox 139 4025 1339 4113; baseline -0.004 -19"><span class='ocrx_word' id='word_1_269' title='bbox 139 4030 297 4094; x_wconf 79' lang='lat' dir='ltr'><strong>existente.</strong></span> <span class='ocrx_word' id='word_1_270' title='bbox 322 4026 462 4092; x_wconf 87' lang='lat' dir='ltr'><strong>Predicta</strong></span> <span class='ocrx_word' id='word_1_271' title='bbox 479 4047 551 4091; x_wconf 88' lang='lat' dir='ltr'><strong>uero</strong></span> <span class='ocrx_word' id='word_1_272' title='bbox 568 4029 723 4111; x_wconf 90' lang='lat' dir='ltr'><strong>possessio</strong></span> <span class='ocrx_word' id='word_1_273' title='bbox 739 4028 776 4093; x_wconf 88' lang='lat' dir='ltr'><strong>ab</strong></span> <span class='ocrx_word' id='word_1_274' title='bbox 793 4028 911 4092; x_wconf 89' lang='lat' dir='ltr'><strong>oriente</strong></span> <span class='ocrx_word' id='word_1_275' title='bbox 928 4032 959 4092; x_wconf 89' lang='lat' dir='ltr'><strong>et</strong></span> <span class='ocrx_word' id='word_1_276' title='bbox 976 4026 1013 4092; x_wconf 91' lang='lat' dir='ltr'><strong>ab</strong></span> <span class='ocrx_word' id='word_1_277' title='bbox 1028 4027 1169 4113; x_wconf 86' lang='lat' dir='ltr'><strong>aquilone</strong></span> <span class='ocrx_word' id='word_1_278' title='bbox 1192 4025 1339 4091; x_wconf 72' lang='lat' dir='ltr'><strong>vicinatur</strong></span> 
     </span>
     <span class='ocr_line' id='line_1_33' title="bbox 137 4134 1338 4222; baseline -0.004 -19"><span class='ocrx_word' id='word_1_279' title='bbox 137 4137 322 4222; x_wconf 87' lang='lat' dir='ltr'><strong>possessioni</strong></span> <span class='ocrx_word' id='word_1_280' title='bbox 332 4134 438 4200; x_wconf 88' lang='lat' dir='ltr'><strong>Beliud</strong></span> <span class='ocrx_word' id='word_1_281' title='bbox 453 4139 561 4199; x_wconf 88' lang='lat' dir='ltr'><strong>uocate</strong></span> <span class='ocrx_word' id='word_1_282' title='bbox 578 4156 594 4198; x_wconf 85' lang='lat' dir='ltr'><strong>a</strong></span> <span class='ocrx_word' id='word_1_283' title='bbox 611 4135 736 4200; x_wconf 90' lang='lat' dir='ltr'><strong>meridie</strong></span> <span class='ocrx_word' id='word_1_284' title='bbox 752 4140 850 4200; x_wconf 91' lang='lat' dir='ltr'><strong>autem</strong></span> <span class='ocrx_word' id='word_1_285' title='bbox 867 4136 1053 4220; x_wconf 89' lang='lat' dir='ltr'><strong>possessioni</strong></span> <span class='ocrx_word' id='word_1_286' title='bbox 1061 4134 1246 4201; x_wconf 79' lang='lat' dir='ltr'><strong>Moobolrod</strong></span> <span class='ocrx_word' id='word_1_287' title='bbox 1259 4155 1338 4199; x_wconf 89' lang='lat' dir='ltr'><strong>nnn·</strong></span> 
     </span>
     <span class='ocr_line' id='line_1_34' title="bbox 138 4240 1339 4330; baseline -0.002 -19"><span class='ocrx_word' id='word_1_288' title='bbox 138 4251 266 4330; x_wconf 79' lang='lat' dir='ltr'><strong>sapato,</strong></span> <span class='ocrx_word' id='word_1_289' title='bbox 296 4250 329 4310; x_wconf 88' lang='lat' dir='ltr'><strong>et</strong></span> <span class='ocrx_word' id='word_1_290' title='bbox 354 4243 494 4308; x_wconf 88' lang='lat' dir='ltr'><strong>similiter</strong></span> <span class='ocrx_word' id='word_1_291' title='bbox 520 4240 558 4306; x_wconf 91' lang='lat' dir='ltr'><strong>ab</strong></span> <span class='ocrx_word' id='word_1_292' title='bbox 585 4244 746 4310; x_wconf 88' lang='lat' dir='ltr'><strong>occidente</strong></span> <span class='ocrx_word' id='word_1_293' title='bbox 767 4244 956 4328; x_wconf 87' lang='lat' dir='ltr'><strong>protenditur</strong></span> <span class='ocrx_word' id='word_1_294' title='bbox 979 4243 1017 4309; x_wconf 88' lang='lat' dir='ltr'><strong>ed</strong></span> <span class='ocrx_word' id='word_1_295' title='bbox 1047 4245 1168 4308; x_wconf 89' lang='lat' dir='ltr'><strong>fluuium</strong></span> <span class='ocrx_word' id='word_1_296' title='bbox 1196 4243 1339 4308; x_wconf 65' lang='lat' dir='ltr'><strong>Resides</strong></span> 
     </span>
     <span class='ocr_line' id='line_1_35' title="bbox 138 4350 1338 4438; baseline -0.001 -22"><span class='ocrx_word' id='word_1_297' title='bbox 138 4352 381 4418; x_wconf 87' lang='lat' dir='ltr'><strong>distinctionibus</strong></span> <span class='ocrx_word' id='word_1_298' title='bbox 393 4358 537 4418; x_wconf 87' lang='lat' dir='ltr'><strong>metarum</strong></span> <span class='ocrx_word' id='word_1_299' title='bbox 549 4359 683 4419; x_wconf 80' lang='lat' dir='ltr'><strong>ueterum</strong></span> <span class='ocrx_word' id='word_1_300' title='bbox 692 4360 723 4418; x_wconf 90' lang='lat' dir='ltr'><strong>et</strong></span> <span class='ocrx_word' id='word_1_301' title='bbox 739 4353 937 4438; x_wconf 87' lang='lat' dir='ltr'><strong>antiquarum,</strong></span> <span class='ocrx_word' id='word_1_302' title='bbox 953 4350 1061 4437; x_wconf 87' lang='lat' dir='ltr'><strong>quibus</strong></span> <span class='ocrx_word' id='word_1_303' title='bbox 1074 4352 1153 4417; x_wconf 88' lang='lat' dir='ltr'><strong>dicta</strong></span> <span class='ocrx_word' id='word_1_304' title='bbox 1166 4350 1338 4433; x_wconf 90' lang='lat' dir='ltr'><strong>possessito</strong></span> 
     </span>
     <span class='ocr_line' id='line_1_36' title="bbox 138 4459 1338 4546; baseline -0.001 -23"><span class='ocrx_word' id='word_1_305' title='bbox 138 4461 282 4545; x_wconf 78' lang='lat' dir='ltr'><strong>distingui</strong></span> <span class='ocrx_word' id='word_1_306' title='bbox 306 4462 473 4527; x_wconf 84' lang='lat' dir='ltr'><strong>dinoscitur</strong></span> <span class='ocrx_word' id='word_1_307' title='bbox 489 4462 676 4546; x_wconf 87' lang='lat' dir='ltr'><strong>abantiquo.</strong></span> <span class='ocrx_word' id='word_1_308' title='bbox 700 4462 732 4524; x_wconf 93' lang='lat' dir='ltr'><strong>ln</strong></span> <span class='ocrx_word' id='word_1_309' title='bbox 752 4461 839 4526; x_wconf 88' lang='lat' dir='ltr'><strong>cuius</strong></span> <span class='ocrx_word' id='word_1_310' title='bbox 856 4462 902 4524; x_wconf 89' lang='lat' dir='ltr'><strong>rei</strong></span> <span class='ocrx_word' id='word_1_311' title='bbox 919 4459 1094 4525; x_wconf 87' lang='lat' dir='ltr'><strong>memoriam</strong></span> <span class='ocrx_word' id='word_1_312' title='bbox 1111 4464 1142 4523; x_wconf 89' lang='lat' dir='ltr'><strong>et</strong></span> <span class='ocrx_word' id='word_1_313' title='bbox 1158 4465 1338 4544; x_wconf 86' lang='lat' dir='ltr'><strong>perpetuam</strong></span> 
     </span>
     <span class='ocr_line' id='line_1_37' title="bbox 137 4565 1337 4654; baseline -0.003 -21"><span class='ocrx_word' id='word_1_314' title='bbox 137 4568 307 4634; x_wconf 80' lang='lat' dir='ltr'><strong>firmitatem</strong></span> <span class='ocrx_word' id='word_1_315' title='bbox 320 4576 483 4654; x_wconf 86' lang='lat' dir='ltr'><strong>presentes</strong></span> <span class='ocrx_word' id='word_1_316' title='bbox 495 4571 702 4636; x_wconf 88' lang='lat' dir='ltr'><strong>concessimus</strong></span> <span class='ocrx_word' id='word_1_317' title='bbox 715 4571 834 4634; x_wconf 90' lang='lat' dir='ltr'><strong>litteras</strong></span> <span class='ocrx_word' id='word_1_318' title='bbox 847 4568 942 4652; x_wconf 89' lang='lat' dir='ltr'><strong>sigilli</strong></span> <span class='ocrx_word' id='word_1_319' title='bbox 955 4569 1051 4633; x_wconf 90' lang='lat' dir='ltr'><strong>nostri</strong></span> <span class='ocrx_word' id='word_1_320' title='bbox 1063 4568 1226 4633; x_wconf 89' lang='lat' dir='ltr'><strong>munimine</strong></span> <span class='ocrx_word' id='word_1_321' title='bbox 1243 4565 1337 4631; x_wconf 92' lang='lat' dir='ltr'><strong>robo-</strong></span> 
     </span>
     <span class='ocr_line' id='line_1_38' title="bbox 136 4675 1337 4763; baseline -0.001 -23"><span class='ocrx_word' id='word_1_322' title='bbox 136 4683 225 4742; x_wconf 86' lang='lat' dir='ltr'><strong>ratas.</strong></span> <span class='ocrx_word' id='word_1_323' title='bbox 237 4678 346 4743; x_wconf 87' lang='lat' dir='ltr'><strong>Datum</strong></span> <span class='ocrx_word' id='word_1_324' title='bbox 354 4678 566 4744; x_wconf 86' lang='lat' dir='ltr'><strong>ierieseounda</strong></span> <span class='ocrx_word' id='word_1_325' title='bbox 575 4679 707 4762; x_wconf 80' lang='lat' dir='ltr'><strong>proxima</strong></span> <span class='ocrx_word' id='word_1_326' title='bbox 715 4681 911 4763; x_wconf 86' lang='lat' dir='ltr'><strong>poetoctauae</strong></span> <span class='ocrx_word' id='word_1_327' title='bbox 919 4677 1109 4742; x_wconf 88' lang='lat' dir='ltr'><strong>quencionis</strong></span> <span class='ocrx_word' id='word_1_328' title='bbox 1118 4675 1337 4741; x_wconf 82' lang='lat' dir='ltr'><strong>sancteCruois</strong></span> 
     </span>
    </p>
   </div>
   <div class='ocr_carea' id='block_1_11' title="bbox 0 0 1600 5342">
    <p class='ocr_par' dir='ltr' id='par_1_11' title="bbox 0 0 1600 5342">
     <span class='ocr_line' id='line_1_39' title="bbox 0 0 1600 5342; baseline 0 1"><span class='ocrx_word' id='word_1_329' title='bbox 0 0 1600 5342; x_wconf 95' lang='lat' dir='ltr'><strong> </strong></span> 
     </span>
    </p>
   </div>
  </div>
 </body>
</html>
