3192 5342
264 498 337 570 194

260 674 424 740 litterarum
452 677 724 743 teslilicaloriarum
758 679 832 743 visis
863 682 1020 746 tenoribus
1054 683 1190 767 prefatus
1220 686 1313 749 irater
1342 685 1452 774 Appal,

260 787 405 866 magister
432 786 584 850 inferioris
609 786 698 850 Curie
721 787 914 854 lllonacorum
940 791 1021 855 dicte
1044 791 1176 858 ecclesie
1197 795 1318 862 Sancte
1345 796 1453 862 Crucis

261 898 291 956 et
325 893 421 958 irater
441 894 591 960 Detricrre
618 914 718 959 corarn
747 896 834 960 nobis
868 900 1070 981 personaliter
1095 908 1303 986 comparentes
1333 924 1370 968 ex
1400 903 1453 968 ad·

261 1023 349 1066 uerso
377 1001 464 1066 nobis
489 1004 632 1088 quasdam
656 1003 772 1069 litteras
801 1006 1005 1090 priuilegiales
1037 1010 1280 1075 excellentissimi
1311 1013 1455 1099 principis

260 1110 369 1175 domini
385 1112 509 1188 Koroli,
532 1112 581 1177 dci
605 1113 707 1197 gracia
729 1114 879 1197 quondam
896 1116 980 1199 regis
997 1118 1165 1207 Hrrnquric
1187 1118 1288 1185 lelicis
1311 1121 1455 1185 recorda·

260 1219 355 1284 cionis
379 1242 472 1305 super
493 1222 659 1286 donacione
681 1227 813 1288 terarum
834 1225 1028 1312 Vopeladors
1043 1232 1074 1290 et
1089 1229 1264 1310 Potesdors
1284 1236 1453 1294 vocatarum

260 1331 315 1396 sub
332 1331 477 1396 mediocri
493 1332 593 1415 sigillo
606 1331 742 1396 eiusdem
759 1333 869 1397 domini
883 1333 975 1416 Regis
992 1335 1048 1399 sub
1065 1355 1142 1401 anno
1159 1336 1269 1400 domini
1284 1329 1339 1402 btl'.
1353 1336 1454 1402 CCC‘).

261 1442 407 1524 vigesimo
425 1443 535 1513 tercio,
559 1442 665 1527 quinto
686 1442 755 1505 ldus
775 1441 955 1507 Decembris
978 1451 1129 1509 emanatas
1146 1450 1178 1508 et
1194 1446 1348 1511 coniectas
1366 1448 1454 1512 nobis

261 1556 487 1635 presentarunt,
510 1573 563 1614 sua
580 1552 661 1615 serie
678 1549 886 1624 declarantes,
910 1549 990 1636 quod
1006 1554 1101 1636 ipsius
1117 1553 1240 1636 Regalis
1263 1554 1455 1621 sublimitatis

260 1681 402 1745 supreme
415 1660 591 1725 deuocionis
608 1658 734 1724 allectus
751 1659 787 1723 ad
802 1663 903 1724 eterna
922 1659 1125 1726 exardescens
1144 1681 1258 1747 sueque
1274 1663 1364 1728 saluti
1380 1685 1455 1749 pro-

261 1773 394 1855 spiciens
411 1772 538 1834 omnium
555 1769 700 1834 bonorum
718 1770 929 1855 temporalium
946 1776 977 1833 et
994 1770 1193 1856 spiritualium
1215 1771 1292 1836 dona
1306 1772 1455 1856 largyflua

261 1902 297 1944 ex
326 1879 426 1943 diuine
454 1879 575 1963 pictatis
603 1878 813 1942 beniuolencia
838 1899 873 1942 sc
900 1881 1077 1963 percepisse
1104 1885 1136 1944 et
1162 1880 1323 1964 percipere
1351 1904 1455 1965 posse,

262 1991 398 2052 acumine
428 2008 482 2050 sue
510 1988 769 2051 consideracionis
797 1988 1028 2072 contemplando
1057 1987 1229 2052 humillimis
1257 1990 1456 2073 petitionibus

262 2097 397 2179 religiosi
413 2097 468 2159 viri
486 2097 587 2160 fratris
604 2097 771 2170 lobannis,
789 2095 914 2161 Abbatis
938 2103 968 2160 et
990 2095 1184 2182 quorumdam
1208 2100 1332 2162 fratrum
1348 2101 1455 2165 Mona-

262 2207 345 2268 sterii
363 2206 482 2271 Soracte
498 2205 629 2278 Crucis,
658 2205 774 2269 ordinis
791 2203 1015 2290 Cistcrcyensis
1038 2206 1076 2270 de
1090 2207 1222 2272 Austris
1240 2205 1371 2273 diocesis
1388 2211 1455 2275 Pu·

260 2315 455 2400 tbauyeasis,
474 2334 594 2378 suorum
612 2313 790 2378 dilectorum
809 2320 839 2377 et
856 2312 986 2377 bdelium
1004 2314 1173 2385 inclinatus,
1190 2317 1344 2398 predictas
1359 2322 1460 2382 terras

265 2421 457 2511 Vopelndors
466 2428 497 2486 et
513 2423 697 2508 Potcadurs‚
726 2423 896 2489 assencium
920 2424 1005 2509 ipsas
1027 2445 1082 2487 sue
1097 2423 1192 2505 liegie
1210 2424 1369 2490 collacioni
1387 2449 1459 2511 per·

260 2533 375 2605 tinere,
401 2535 499 2597 anime
521 2555 576 2598 sue
601 2555 655 2616 pro
678 2534 774 2598 salute
798 2531 936 2618 predicte
959 2533 1091 2597 ecclesie
1107 2533 1226 2600 Sancte
1243 2536 1353 2601 caua
1368 2556 1385 2598 a
1403 2557 1459 2599 sua

262 2643 345 2724 regia
363 2643 529 2706 clemencia
558 2641 624 2706 dari
646 2647 676 2706 et
703 2649 851 2726 perpetuo
880 2642 1030 2713 conferri,
1059 2642 1212 2707 humiliter
1240 2646 1458 2727 postulassent,

261 2752 389 2836 lpsaque
405 2752 517 2833 regalis
535 2752 706 2833 benignitas
723 2773 759 2815 ex
775 2751 901 2836 speciali
919 2749 1104 2823 deuocione,
1129 2771 1216 2836 quam
1234 2772 1317 2817 more
1334 2761 1459 2818 cetero·

262 2879 323 2922 rura
333 2861 458 2940 Regum,
476 2860 701 2944 progenitorum
718 2881 838 2924 suorum
855 2861 913 2926 deo
927 2859 1102 2925 deuotorum
1118 2879 1192 2943 erga
1209 2862 1336 2925 eandem
1354 2864 1460 2926 ecclc·

260 2970 333 3031 siam
350 2975 492 3050 gereret,
519 2968 640 3032 easdem
671 2972 881 3054 possessiones
898 2989 965 3034 cum
982 2970 1085 3051 agris,
1114 2969 1208 3053 pratis
1232 2975 1263 3033 et
1279 2969 1457 3053 piscaturis,

260 3076 316 3139 snb
333 3078 462 3163 antiquis
479 3079 541 3142 suis
557 3080 645 3143 metis
662 3084 693 3143 et
708 3077 845 3142 terminis
870 3077 1011 3150 eodum,
1034 3097 1092 3163 quo
1110 3098 1163 3142 sue
1180 3078 1275 3160 Regio
1291 3079 1461 3143 Collaeioni

259 3187 491 3251 dinoscerentur
507 3187 682 3272 pertinere,
710 3187 808 3250 cidem
825 3187 959 3252 ecclesie
974 3194 1085 3253 sancte
1102 3187 1212 3252 Graccis
1229 3189 1259 3251 in
1276 3194 1457 3274 perpetuam

258 3317 340 3359 suam
354 3296 546 3360 elemosinam
564 3295 710 3370 dedisset,
728 3296 872 3360 donasset
888 3303 919 3360 et
936 3296 1114 3360 contulisset
1130 3294 1329 3360 mediantibus
1346 3304 1458 3382 paten-

258 3405 336 3470 tibus
353 3407 415 3468 suis
439 3404 551 3467 litteris
572 3409 718 3489 perpetuo
744 3402 962 3487 possidendas,
990 3403 1137 3468 tenendas
1162 3409 1192 3469 et
1213 3403 1390 3478 habendas,
1425 3413 1458 3469 et

257 3516 374 3579 demum
392 3511 536 3596 predictis
553 3514 617 3576 suis
635 3513 743 3577 litteris
759 3511 998 3595 priuilegialibus
1015 3512 1192 3595 premissam
1209 3531 1293 3574 suain
1310 3513 1458 3576 donacio-

258 3645 323 3687 nem
341 3629 486 3707 perpetna
503 3620 675 3686 Stabilitate
692 3621 821 3705 pacifice
838 3619 1070 3706 permanendam
1087 3619 1304 3685 confirmasset.
1328 3620 1365 3686 Et
1383 3623 1457 3686 dum

257 3755 321 3804 nos,
354 3734 433 3795 iuxta
456 3731 585 3816 partium
603 3731 802 3794 instrumenta
835 3731 968 3816 equitate
997 3726 1143 3793 suadente
1172 3727 1321 3794 dudicium
1348 3732 1456 3794 lacere

255 3842 473 3911 voluissemus,
496 3839 575 3902 inter
597 3839 679 3924 ipsas
696 3839 891 3924 plurimorum
910 3838 1072 3924 proborum
1090 3837 1222 3901 uirorum
1240 3837 1367 3902 consitio
1385 3839 1455 3924 ipse

256 3958 357 4036 partes
375 3949 507 4021 inducte,
525 3968 560 4010 se
577 3947 614 4011 ad
631 3947 892 4012 reconciliacionis
909 3946 1148 4011 beniuolenciam
1164 3946 1327 4009 transmitti
1345 3951 1455 4030 postu-

254 4058 363 4122 larunt.
395 4057 459 4139 Que
475 4055 594 4120 taudem
612 4077 628 4118 a
646 4056 732 4119 nobis
749 4055 871 4120 obtenta
890 4055 1071 4119 reformandi
1087 4054 1216 4118 licencia
1234 4054 1329 4118 altero
1347 4056 1397 4119 die
1413 4055 1452 4120 ad

255 4189 308 4229 nos
342 4187 489 4237 reuerso,
525 4163 738 4229 indictionibus
773 4165 937 4248 proborum
965 4166 1096 4229 virorum
1124 4162 1223 4227 taliter
1253 4162 1395 4227 dixerunt
1416 4187 1455 4229 se

253 4273 478 4348 concordasse,
507 4279 538 4338 et
558 4273 780 4338 concordarunt
809 4293 909 4337 coram
926 4273 1036 4346 nobis,
1064 4271 1141 4358 quod
1171 4272 1237 4355 ipse
1254 4271 1451 4357 Stephanus,

254 4385 450 4448 considerans
467 4404 522 4448 suc
538 4382 625 4445 etatis
643 4389 784 4468 tempus,
812 4383 869 4445 iarn
887 4380 921 4445 ad
940 4383 1056 4446 senium
1072 4375 1247 4451 diuertisse,
1265 4400 1360 4464 seque
1377 4401 1455 4444 con-

253 4492 387 4576 spiciens
404 4493 527 4556 fratrom
545 4497 602 4555 tarn
620 4490 798 4562 carnalium,
828 4511 913 4575 quarn
932 4491 1128 4574 patruelium,
1152 4507 1218 4574 ymo
1248 4496 1279 4553 et
1301 4489 1450 4553 heredum

254 4602 409 4684 utriusque
437 4599 533 4664 Sextis
562 4597 674 4664 solacio
706 4620 775 4662 esse
804 4599 935 4683 undique
969 4598 1160 4669 destitutum,
1191 4599 1317 4680 cupiens
1346 4597 1450 4683 itaque

254 4717 373 4772 terrena
389 4709 418 4774 io
435 4708 618 4793 spiritualia,
645 4718 675 4772 et
697 4703 873 4792 temporalia
896 4729 931 4772 ac
947 4708 1119 4771 transitoria
1148 4705 1178 4770 in
1201 4705 1347 4772 eternalia
1364 4701 1451 4772 lelici
