3192 5342
1267 497 1341 570 391

145 673 400 741 benedictionem.
422 674 559 740 Exhibita
579 673 728 761 siquidem
745 672 835 738 nobis
847 692 944 758 nuper
960 693 1015 757 pro
1036 678 1124 758 parte
1147 673 1261 739 dilecto
1285 673 1347 738 lilio

8 780 9 843 3
141 783 269 849 Abbatis
281 789 314 848 et
326 783 501 850 conuentus
515 783 687 849 monsterii
704 790 811 847 sancte
828 781 967 846 Maricio
983 783 1110 855 luctet,
1129 782 1345 848 cisterciensis

145 893 271 968 ordinis,
288 895 485 967 Patauieusis,
502 893 636 958 diocesis
657 892 811 976 petitionis
832 890 1345 977 seriescontinebst,quod'1psum

141 1002 358 1069 momerium
375 1002 451 1068 adeo
467 1009 515 1068 est
529 1008 589 1066 tam
606 1006 731 1086 propter
747 1001 849 1066 debita
866 1001 1012 1072 usuraria,
1041 1002 1073 1065 in
1096 999 1206 1087 quibus
1221 1005 1345 1067 tenetur

143 1118 175 1176 et
189 1132 247 1196 pro
262 1112 372 1197 quibus
387 1113 481 1177 mator
495 1111 719 1197 parebonorum
734 1109 929 1175 immobilium
945 1111 1223 1194 ipsiusblonasterii
1239 1129 1344 1175 eorum

144 1220 348 1286 creditoribus
363 1226 411 1284 est
432 1220 644 1304 impignerata,
666 1238 753 1303 quam
777 1224 902 1301 propter
920 1237 1026 1283 usuras
1053 1218 1239 1292 huiusmodi,
1268 1238 1343 1305 quas

145 1330 183 1393 de
199 1328 325 1413 reliquis
342 1328 430 1393 bonis
446 1328 541 1411 ipsius
558 1327 736 1392 blonasterii
752 1328 904 1391 annuatim
921 1326 1043 1392 soluere
1067 1327 1189 1399 babent,
1212 1346 1341 1413 pregra-

146 1444 246 1502 aatum
262 1438 340 1502 etin
363 1438 426 1502 suis
454 1435 648 1502 facultatibus
671 1437 846 1501 diminutum
874 1436 976 1501 existit
1003 1441 1034 1500 et
1062 1436 1091 1499 in
1121 1435 1189 1500 dies
1215 1442 1343 1521 propter

145 1553 257 1616 mutua,
271 1564 331 1631 que
346 1545 475 1629 proinde
489 1565 525 1609 ac
541 1566 596 1629 pro
612 1544 919 1609 amanuensibus
931 1548 963 1607 et
975 1543 1148 1609 conuentus
1163 1547 1194 1609 et
1209 1546 1342 1610 seruito·

146 1676 210 1718 rum
224 1655 361 1740 ipsorum
376 1655 595 1721 sustentatione
610 1674 646 1717 ac
662 1653 877 1738 hospitalitatis
886 1653 1098 1719 obseruatione
1110 1658 1141 1719 et
1157 1652 1223 1718 aliis
1240 1655 1342 1718 oneri·

146 1763 202 1827 bus
229 1765 276 1827 eis
302 1762 544 1828 incumbentibus
567 1762 783 1847 supportandis
799 1764 977 1827 necessario
1005 1762 1189 1827 contrahere
1217 1762 1341 1834 habent,

145 1872 360 1943 dimminuitur‚
377 1871 480 1958 quod,
509 1871 567 1934 nisi
584 1869 623 1934 de
645 1876 793 1954 oportuno
810 1877 842 1936 et
858 1870 951 1935 celeri
974 1870 1109 1936 remedio
1136 1871 1342 1956 prouidentur,

145 1980 300 2065 oportebit
314 2000 368 2045 eas
385 1983 482 2067 ipsum
499 1979 712 2044 idonasterium
725 1979 868 2044 incultum
885 1977 1032 2043 deserere
1044 1984 1077 2044 et
1091 1980 1275 2052 mendicare,
1293 1984 1344 2043 aut

145 2089 221 2153 alias
236 2089 358 2155 aliunde
374 2109 478 2154 eorum
494 2091 584 2153 uitam
601 2107 741 2173 querere,
759 2089 899 2174 quodque
915 2090 1011 2172 ipsum
1024 2089 1237 2153 blonasterium
1251 2088 1343 2153 babel

145 2200 174 2262 in
192 2197 283 2283 opido
304 2199 484 2265 Woennemt
498 2199 626 2282 eiusque
642 2198 796 2262 territorio
820 2196 901 2262 dicte
923 2196 1056 2262 diocesis
1079 2198 1226 2282 quandam
1242 2196 1342 2262 Grau·

145 2307 225 2388 giam
241 2326 278 2371 ao
294 2311 395 2371 certas
410 2305 525 2378 uineas,
541 2325 601 2390 que
617 2304 728 2370 nullam
745 2310 796 2370 aut
811 2304 959 2371 modicam
982 2305 1041 2388 ipsi
1058 2305 1241 2372 idonasterio
1265 2305 1344 2371 alie-

145 2422 215 2480 runt
229 2415 398 2486 utilitatem,
416 2434 484 2500 ymo
500 2414 601 2498 potius
616 2414 765 2479 interdurn
781 2413 1066 2488 incommoditatem,
1083 2435 1120 2479 ex
1133 2434 1256 2499 quarum
1272 2435 1344 2499 pre·

146 2526 201 2601 tio,
217 2526 244 2588 si
259 2524 437 2595 uendentes,
455 2523 591 2608 predicta
608 2522 721 2599 debita,
747 2543 801 2588 scu
819 2543 922 2589 eorum
939 2524 1032 2587 maior
1047 2543 1118 2607 pars
1140 2530 1291 2608 poterunt,
1313 2530 1346 2589 ut

146 2638 281 2718 sperant,
298 2634 375 2697 solui
391 2653 426 2696 uc
444 2633 580 2717 predicta
596 2632 675 2697 bona
691 2634 893 2718 impignorata
910 2633 956 2696 eis
973 2632 1069 2713 magis
1086 2633 1169 2697 utilia
1187 2633 1293 2697 redimi
1310 2638 1342 2697 et

147 2743 333 2826 recuperari.
358 2744 459 2826 Quare
475 2763 530 2827 pro
546 2745 635 2827 parte
652 2744 785 2826 ipsorum
802 2742 927 2806 bbbatis
945 2746 977 2805 et
993 2742 1167 2807 conuentus
1183 2741 1270 2807 nobis
1288 2743 1344 2806 tuit

146 2851 302 2916 bamiliter
316 2850 527 2935 supplicatum,
545 2856 577 2915 nt
593 2852 639 2915 eis
655 2851 825 2914 huiusmodi
844 2849 1007 2932 Grangiam
1024 2855 1055 2914 et
1071 2850 1175 2915 uineas
1192 2871 1228 2915 cr
1251 2870 1344 2914 causa

148 2960 285 3042 predicta
302 2960 451 3025 uendendi
468 2965 499 3023 et
511 2966 660 3043 perpetuo
677 2960 827 3024 alienandi
841 2959 963 3023 licentia
976 2960 1148 3024 concedere
1161 2960 1199 3025 de
1216 2959 1343 3043 speciali

148 3068 250 3150 gracia
267 3068 472 3149 dignaremur.
509 3066 573 3131 Nos
601 3068 695 3150 igitur
721 3066 762 3132 dc
789 3068 947 3151 premissis
975 3073 1088 3132 certam
1117 3068 1257 3131 ruodciam
1285 3087 1343 3132 nou

149 3176 306 3249 babentes,
323 3196 358 3242 aa
373 3177 507 3261 ipsorum
517 3175 644 3241 Abbatis
661 3181 691 3241 et
703 3175 876 3241 conuentus
891 3176 922 3240 in
938 3175 996 3240 bac
1013 3181 1099 3260 parte
1111 3174 1344 3260 supplicationi-

147 3284 201 3349 bus
213 3286 364 3357 ineiinati,
377 3286 550 3350 discretioni
563 3291 625 3358 tue,
643 3284 682 3349 de
694 3304 753 3369 qua
765 3286 795 3349 in
809 3284 870 3351 biis
883 3289 915 3348 et
927 3283 993 3349 aliis
1002 3281 1166 3368 specialem
1179 3285 1208 3348 in
1221 3284 1342 3349 domino

148 3393 286 3459 idacium
303 3394 486 3470 obtinemus,
501 3414 556 3478 per
573 3394 737 3479 apostolica
754 3396 869 3478 scripta
882 3394 1094 3459 committimus
1111 3400 1142 3457 ct
1157 3392 1343 3466 mandamus,

148 3510 297 3588 quatenus
313 3503 514 3567 consideratis
542 3503 778 3568 circumstantiis
800 3502 964 3579 uniuersis,
993 3521 1051 3586 que
1079 3504 1161 3567 circa
1190 3501 1248 3565 bec
1275 3504 1345 3564 sunt

148 3611 342 3685 ostendendo,
358 3611 385 3675 si
401 3610 458 3675 tibi
474 3610 623 3684 uideatur,
650 3611 731 3695 qaod
759 3611 894 3677 uenditio
911 3616 943 3676 et
958 3610 1100 3675 alienatio
1114 3609 1294 3682 huiusmodi,
1319 3608 1346 3673 si

147 3721 228 3796 iant,
245 3721 360 3788 cadant
372 3720 405 3787 in
419 3720 592 3786 euidentem
609 3721 770 3786 utilitatem
787 3720 862 3784 dicti
880 3720 1071 3793 blonasterii,
1088 3738 1253 3803 superque
1266 3722 1344 3782 tuam

147 3831 366 3896 conscientiam
384 3849 555 3907 onenmus,
573 3829 687 3895 eisdem
704 3829 813 3894 Abbati
829 3833 861 3892 et
873 3829 1040 3893 Conuentui
1057 3827 1227 3894 huiusmodi
1248 3828 1346 3893 Gran-

147 3941 226 4022 giam
243 3945 276 4005 et
292 3941 397 4004 uineas
413 3960 480 4005 cum
496 3938 661 4004 attinentiis
683 3959 720 4003 ac
741 3937 857 4003 iuribus
880 3941 913 4002 et
932 3938 1126 4022 pertinentiis
1147 3937 1210 4001 suis
1232 3937 1344 4021 imper-

148 4055 272 4134 petuum
289 4070 326 4116 ex
343 4069 433 4115 causa
449 4049 587 4134 predicta
603 4049 753 4113 uendendi
782 4056 814 4113 et
829 4047 979 4113 alienandi
1003 4046 1122 4131 plenam
1152 4051 1184 4111 et
1214 4044 1341 4111 liberam

146 4158 329 4225 auctoritate
344 4164 451 4224 nostra
468 4158 620 4223 licentiam
638 4157 789 4242 largiaris,
807 4159 849 4221 ita
864 4162 975 4229 tamen,
993 4156 1074 4242 quod
1090 4157 1219 4239 pretium
1236 4154 1346 4219 exinde

148 4271 364 4351 prouenturum
381 4268 501 4331 omniuo
514 4267 544 4330 iu
560 4265 710 4332 solutione
727 4264 897 4330 debitorum
911 4272 942 4329 et
954 4265 1187 4348 recuperatione
1198 4262 1344 4327 bonorum

149 4375 417 4460 impigneratorum
434 4375 607 4442 huiusmodi
630 4381 661 4439 et
687 4374 760 4440 alias
777 4376 808 4439 in
825 4373 984 4439 utilitatem
1011 4371 1182 4437 huiusmodi
1209 4371 1344 4437 eiusdem

151 4485 324 4551 llonasterii
340 4489 545 4551 conuertatur.
578 4483 684 4549 Datum
700 4486 799 4549 Rome
825 4481 904 4568 apud
933 4482 1077 4548 Sanctum
1105 4485 1223 4566 petrum
1250 4480 1345 4546 Nonis

152 4594 271 4679 Aprilis,
288 4592 481 4659 Pontificatus
497 4595 592 4659 nostri
609 4612 688 4658 anno
705 4592 854 4676 Septimo.

219 4719 338 4792 Originum
351 4720 399 4775 aui
409 4721 565 4793 Pergament
577 4718 624 4774 mit
635 4717 773 4774 Bteibulle.
