3192 5342
1261 513 1336 587 lua

135 691 289 756 comercio
318 696 516 762 commutare,
546 687 710 775 nolensque
738 691 834 774 ipsam
870 689 1030 755 ecclesiam
1064 691 1200 772 gloriose
1229 688 1336 756 Crucis

134 800 268 873 christi,
297 803 328 863 in
353 821 410 884 qua
435 797 608 883 redemptor
629 800 730 866 mundi
747 820 804 884 pro
820 800 916 863 salute
933 801 1059 881 generis
1075 800 1195 863 burnaoi
1212 799 1336 865 cottidie

134 930 193 992 per
210 909 422 992 religiosorum
440 914 468 973 et
492 909 670 973 deuotorum
692 909 845 973 sacrificia
862 909 1049 981 victimatur,
1077 915 1109 973 et
1136 930 1191 974 sue
1215 908 1337 993 pietatis

133 1018 336 1081 clemenciam
354 1038 408 1101 pro
429 1019 617 1101 pacominum
639 1017 817 1102 populorum
842 1018 927 1082 renio
943 1017 981 1081 ad
998 1019 1234 1103 propiciacionis
1250 1016 1337 1082 beni·

133 1127 306 1192 nolenciam
323 1127 494 1210 placitatur,
511 1146 632 1190 suorum
649 1126 796 1191 bonorum
814 1125 959 1191 heredem
975 1125 1145 1212 preficere,
1174 1132 1207 1192 et
1223 1127 1336 1196 locare.

133 1244 164 1300 et
182 1238 251 1320 ipse
267 1235 359 1301 beree
376 1238 473 1299 eterni
495 1236 603 1319 premii
620 1235 804 1307 ediceretur,
821 1236 950 1323 lpsaque
966 1236 1107 1322 preciosa
1124 1236 1203 1300 Crux
1219 1235 1338 1309 christi,

132 1348 234 1431 ipsum
264 1350 371 1409 eterne
398 1342 608 1410 retribucionis
632 1346 747 1428 premio
772 1345 952 1410 consonaret
977 1349 1009 1409 et
1030 1343 1150 1411 soletur
1169 1346 1338 1433 predictam

133 1456 363 1539 possessionem
387 1471 469 1516 suam
492 1452 683 1541 Voqelndors
698 1459 728 1516 et
748 1455 925 1540 Potesdors
940 1452 1126 1518 hereditario
1141 1455 1215 1520 lure
1237 1457 1334 1540 ipsum

132 1564 359 1645 contingentem
370 1560 428 1625 sub
440 1562 568 1648 antiquis
581 1562 644 1626 suis
656 1562 744 1626 metis
758 1569 789 1626 et
802 1564 996 1627 terminorum
1006 1562 1259 1637 distinctionibus,
1271 1564 1339 1649 qui·

132 1672 190 1735 bus
207 1673 307 1756 ipsum
325 1668 535 1753 contingebat,
558 1671 615 1732 iam
633 1670 715 1736 dicto
731 1670 814 1736 duris
830 1670 1015 1736 hereditario
1033 1671 1117 1737 titulo
1134 1692 1189 1757 pro
1207 1673 1339 1736 remedio

130 1782 239 1850 serron
257 1782 356 1846 anime
373 1799 444 1851 soe,
469 1783 500 1843 ut
522 1780 650 1842 omniurn
667 1779 835 1855 bonorum,
864 1800 923 1866 que
944 1781 975 1844 in
999 1782 1064 1866 ipsa
1080 1782 1211 1846 eeclesia
1227 1789 1339 1846 macte

133 1892 265 1962 Crucis,
290 1888 395 1952 dioine
417 1887 522 1973 pietati
547 1908 601 1972 per
626 1890 736 1952 iratres
760 1888 880 1953 assidue
905 1889 947 1954 ibi
970 1890 1141 1954 residentes
1158 1889 1338 1962 offeruntur,

132 2001 290 2083 particeps
308 1997 471 2069 efficiatur,
496 2000 527 2059 et
543 2016 598 2079 per
615 1998 788 2062 eorumdem
806 1997 930 2062 fratrum
948 1998 1056 2063 deuota
1073 1997 1217 2081 suffragia
1233 2004 1338 2061 eterne

132 2106 334 2172 beatitudinis
351 2107 464 2189 premia
483 2115 705 2189 consequatur,
734 2107 836 2182 dedit,
859 2107 982 2172 donauit
998 2113 1029 2171 et
1044 2107 1171 2172 contulit
1188 2113 1337 2191 perpetuo

133 2214 351 2300 possidendam
373 2234 461 2278 ornae
477 2213 533 2277 dus
557 2213 678 2278 dominii
696 2214 906 2300 proprietarii,
934 2214 1013 2300 quod
1039 2222 1164 2280 actenus
1184 2218 1214 2279 in
1231 2216 1338 2280 eadem

131 2325 332 2408 possessione
359 2322 538 2393 habuisset,
568 2322 599 2385 in
620 2323 715 2406 ipsam
738 2322 901 2389 ecclesiam
916 2326 1036 2394 Sancte
1053 2326 1163 2392 Crucis
1180 2331 1211 2387 et
1226 2325 1338 2389 iratres

132 2434 159 2497 in
180 2432 290 2496 eadem
313 2430 486 2496 residentes
509 2452 526 2496 a
548 2430 635 2496 modo
662 2432 693 2495 in
716 2440 872 2517 posterum
896 2453 970 2516 pure
996 2439 1026 2496 et
1042 2433 1221 2519 simpliciter
1238 2441 1338 2497 trans·

132 2543 273 2606 terendo.
299 2540 361 2604 Nos
384 2542 485 2625 itaque
506 2547 565 2606 tam
588 2561 625 2604 en
645 2542 792 2625 premissa
810 2540 916 2624 Regali
933 2541 1116 2620 donacione,
1144 2561 1231 2626 quarn
1249 2544 1336 2606 etiam

134 2672 170 2715 ex
204 2650 304 2735 ipsios
337 2650 496 2738 Stephani
523 2655 689 2734 spontanea
723 2650 936 2733 resignacione
967 2649 1077 2714 dictam
1109 2652 1336 2734 possessionem

134 2764 361 2842 agnoscentes,
388 2757 468 2824 dicte
499 2759 632 2823 ecclesie
659 2759 778 2825 Sancte
795 2759 906 2825 Crucis
938 2759 1017 2823 omni
1045 2761 1175 2824 racionis
1208 2760 1339 2845 equitate

134 2868 250 2933 debere
268 2867 433 2952 pertinere,
449 2868 517 2954 quia
535 2873 565 2931 et
581 2869 647 2952 ipsc
663 2868 865 2955 Stephanus.
889 2867 940 2952 qui
957 2867 1084 2932 eandem
1100 2869 1337 2951 possessionem,

136 2981 256 3042 nomine
273 2977 321 3040 sui
338 2976 422 3042 duris
443 2975 620 3040 hereditarii
643 2975 681 3041 ab
698 2976 804 3040 eadem
821 2975 953 3042 ecclesia
976 2977 1135 3061 requirere
1151 2977 1338 3050 intendebat,

135 3106 213 3151 nunc
227 3108 244 3150 a
258 3085 348 3149 nobis
365 3085 485 3150 obtenta
503 3084 685 3149 reformandi
701 3083 835 3157 licentia,
854 3085 979 3148 eandem
996 3085 1053 3168 ipsi
1071 3085 1205 3151 ecclesie
1220 3086 1340 3153 Sancte

136 3197 249 3262 eneis
278 3201 310 3258 et
337 3192 482 3257 fratribus
509 3194 539 3256 in
556 3213 592 3258 ea
612 3192 713 3258 diuino
739 3194 845 3277 pietati
863 3192 1074 3257 famulantibus
1090 3212 1146 3277 pro
1163 3195 1266 3257 salutis
1284 3214 1338 3258 sue

136 3304 272 3369 remedio
290 3322 365 3388 pure
382 3309 412 3367 et
427 3300 619 3386 simpliciter,
636 3307 667 3366 ut
682 3302 864 3388 promititur,
880 3301 1066 3383 resignabat,
1083 3322 1138 3385 pro
1156 3323 1192 3365 eo
1209 3301 1336 3366 eandem

136 3413 362 3498 possessionem
389 3412 538 3495 premisse
553 3409 675 3493 Regalis
698 3409 873 3474 donacionis
897 3415 928 3474 et
951 3410 1039 3474 etiarn
1063 3416 1230 3494 spontanec
1257 3414 1336 3476 resi·

135 3521 295 3604 gausianis
311 3525 344 3584 et
358 3520 534 3583 donacionis
550 3518 646 3584 titulis
667 3520 724 3582 iarn
747 3519 820 3583 dicti
835 3517 997 3605 Stepbuui
1015 3519 1228 3602 requlslcioois
1243 3520 1339 3606 ipsius

136 3628 341 3715 possessionis
365 3626 522 3712 sepedicto
546 3628 680 3692 ecclesie
695 3636 805 3694 annue
824 3628 950 3700 Crucis,
973 3629 1083 3712 inqua
1107 3649 1180 3711 spes
1197 3629 1336 3692 consistit

137 3749 410 3821 transgressorum,
424 3757 490 3799 cum
504 3735 641 3801 omnibus
653 3736 715 3800 suis
728 3733 905 3799 utilitatibus
918 3740 949 3800 et
960 3736 1153 3823 pertinentiis
1166 3735 1335 3800 aedacibus

138 3857 169 3911 et
185 3845 385 3930 prouentibus
401 3846 579 3909 auctoritate
596 3851 696 3908 nostra
713 3842 939 3918 confirmamus,
967 3845 1172 3910 adiudicarnus
1189 3849 1335 3929 perpetuo

137 3956 369 4040 possidendam,
398 3953 555 4019 tenendam
572 3962 602 4017 et
619 3951 802 4027 habendam,
821 3950 934 4037 absque
950 3953 1120 4038 preiudioio
1137 3951 1220 4015 duris
1236 3951 1335 4014 alieni.

138 4065 170 4128 ln
184 4065 269 4129 cuins
282 4066 329 4128 rei
344 4065 515 4127 memoriam
526 4067 763 4148 perpetuamque
776 4059 946 4125 firmitatem
959 4068 1119 4147 presentes
1129 4060 1336 4125 concessimus

139 4173 255 4238 litteras
288 4172 517 4258 priuilegium,
551 4172 693 4235 autentici
725 4170 888 4254 pendentis
920 4170 1013 4252 sigilli
1046 4170 1141 4236 nostri
1173 4169 1336 4234 munimine

138 4282 303 4347 roboratas.
330 4281 437 4345 batum
455 4283 483 4345 in
506 4279 681 4368 Vrsaeqrad‚
700 4280 818 4344 decirno
835 4278 886 4343 die
902 4283 1075 4343 octonarum
1093 4278 1153 4343 diei
1169 4282 1336 4343 strenarum

141 4391 353 4474 predictarum.
379 4391 462 4454 Anno
479 4389 600 4453 domini.
619 4388 674 4451 bl⁰.
692 4386 792 4453 CCC0.
816 4388 1047 4473 quadragesimo
1064 4388 1177 4470 quinto.

210 4515 326 4587 original
340 4515 388 4570 aui
397 4516 556 4585 Pergament
568 4515 615 4568 rnit
628 4512 712 4567 sineru
726 4531 758 4567 an
774 4513 849 4568 einer
862 4513 955 4567 rothen
970 4511 1168 4567 Seidcnscbnur
1181 4512 1337 4584 naugerum

142 4605 237 4676 Siegel.

1063 4819 1120 4873 1³·
