3192 5342
262 462 335 539 152

253 639 451 705 udeuleichen
471 638 686 709 veriaen;rllso
702 638 756 701 der
766 642 793 705 si
805 638 1065 705 titrlrecnochalle
1077 640 1104 703 ir
1117 640 1211 709 erhen
1221 643 1443 711 ewichleiehen

253 748 343 813 dhain
370 747 519 831 anspraclr
541 747 618 813 noch
645 745 736 815 dhain
757 746 932 815 zuucrsiclrt
946 748 1001 819 dur
1023 769 1061 817 ru
1084 750 1274 817 nimmermer
1298 752 1441 821 solrulleu

253 856 408 940 gehebeu,
436 857 515 925 uoclr
536 855 627 922 dhein
653 854 742 921 recht
768 855 879 921 durani
901 857 1018 925 rieden.
1053 857 1116 921 Der
1137 857 1245 927 selben
1278 860 1441 945 n'uodlung

253 968 311 1032 und
327 966 381 1031 der
397 986 523 1049 werung
539 966 595 1031 der
610 966 656 1030 sei
672 966 728 1030 wir
743 984 822 1047 reug
837 967 891 1031 mit
905 967 1000 1034 diseru
1017 967 1107 1052 priet,
1128 967 1188 1035 deu
1205 970 1261 1033 wir
1277 971 1332 1035 mit
1348 991 1439 1039 unser

253 1079 347 1163 pedor
368 1077 585 1160 enhengunden
600 1075 712 1157 lnsigel
736 1076 881 1159 uersigelt
895 1076 1011 1152 hohen.
1039 1077 1085 1143 uls
1102 1080 1128 1143 si
1144 1100 1198 1145 rns
1213 1080 1440 1163 pedentlralhen

252 1188 306 1252 der
321 1187 389 1253 emb
405 1192 506 1273 paten.
529 1187 593 1251 lior
608 1188 649 1250 ist
663 1184 839 1266 geschehen
854 1188 912 1253 und
928 1189 970 1251 ist
985 1186 1040 1253 der
1054 1189 1138 1271 priei
1149 1188 1302 1272 gegeben,
1325 1190 1364 1255 du
1381 1212 1439 1257 non

250 1295 387 1360 Christes
403 1295 541 1380 gepuerd
556 1314 709 1379 ergongen
721 1315 823 1361 waren
838 1293 1153 1363 drertrehenlruudert
1168 1300 1224 1371 ier,
1240 1299 1294 1364 dar
1309 1300 1385 1365 neelr
1407 1300 1439 1363 in

251 1405 320 1468 dem
335 1406 409 1469 zwoi
426 1403 485 1467 und
502 1404 715 1488 dreircigisten
730 1405 787 1478 lar,
801 1425 840 1471 un
855 1406 930 1471 send
947 1405 1083 1490 Gorigen
1099 1413 1160 1491 teg.

322 1531 438 1602 Origiusl
451 1530 499 1586 eut
508 1531 666 1601 Pergament
679 1529 726 1589 mit
737 1529 803 1585 cerei
815 1528 935 1600 Siogeln.

752 1710 935 1795 uxuvlu.

251 1855 336 1927 uuo,
360 1855 405 1915 m.
418 1854 507 1929 rum,
529 1854 613 1915 urm
626 1887 662 1897 -
676 1856 756 1919 orta,
778 1856 892 1926 nmo,
903 1874 958 1913 soe
971 1842 1131 1915 dement
1143 1862 1209 1923 osc,
1226 1858 1367 1919 merum
1386 1860 1440 1915 se
1528 1934 1537 1943 ἡ

252 1947 332 2003 Adtcr'
343 1948 560 2018 Hctlipeelrrcuz
577 1947 629 2003 dur
647 1948 705 2003 itm
722 1946 892 2005 eurteteodc
906 1947 1141 2019 Olcreipeutlruur
1159 1950 1292 2019 arcister
1314 1966 1371 2007 cort
1392 1950 1440 2007 tte

461 2038 610 2110 ertantur
621 2039 743 2092 Zelrcrrtc
755 2053 792 2092 zu
808 2037 961 2111 Gottcderf
967 2038 1025 2093 und
1037 2038 1227 2095 Blomcntlrul.

342 2177 415 2240 Otto
443 2173 492 2238 dei
519 2176 624 2256 gracia
652 2174 717 2238 [lux
745 2175 871 2240 Austris
897 2180 929 2238 et
953 2175 1078 2260 Stprie⁹
1105 2176 1249 2243 Dominus
1278 2179 1436 2252 musteo,

249 2285 394 2351 Morclric
410 2304 445 2347 ac
460 2280 704 2356 Poreumonn,
727 2282 872 2348 Omnibus
893 2290 954 2348 tem
969 2285 1162 2368 presentibus
1178 2306 1266 2370 quem
1282 2287 1391 2352 suturis
1407 2290 1439 2353 in

249 2401 437 2479 perpetuum.
462 2393 643 2478 Quamquam
655 2392 866 2461 ecclesiastica
880 2391 947 2459 loco
959 2395 1167 2481 Persnnusque
1178 2393 1348 2480 Religicsos
1365 2419 1437 2483 prc-

250 2503 394 2571 mncionis
409 2502 564 2585 generalis
586 2503 697 2584 iugiter
714 2503 846 2569 zelemur
862 2502 988 2576 effectu,
1011 2506 1127 2570 ceteris
1147 2509 1246 2569 tamen
1261 2506 1437 2589 precellen-

249 2616 308 2678 tius
323 2612 486 2696 singularis
500 2614 606 2696 grecie
630 2616 733 2676 nostre
756 2618 788 2676 et
808 2617 950 2679 continue
966 2613 1090 2696 pietatis
1106 2613 1254 2679 Ecclesiis
1270 2614 1332 2680 illis
1346 2615 1434 2682 liue-

251 2729 354 2786 tnusus
382 2720 511 2785 debetur
532 2720 675 2795 effectus,
701 2742 775 2806 quus
799 2720 960 2786 lllustriurn
983 2722 1234 2805 predecessorum
1260 2727 1436 2789 nmtrnrnrn

248 2832 361 2897 Ducum
376 2831 505 2897 Austric
518 2830 653 2895 fundauit
665 2831 702 2894 od
715 2831 842 2913 gloriam
862 2835 894 2895 et
905 2832 1021 2895 leudem
1041 2832 1091 2896 dei
1107 2831 1282 2917 benignitus
1299 2837 1331 2896 et
1346 2834 1435 2899 dote-

247 2948 294 3004 trs
310 2939 470 3022 mogrrilice
482 2938 702 3005 comendavit
714 2938 856 3005 colendus
870 2939 977 3007 studiis
993 2946 1024 3004 et
1044 2940 1198 3009 teuertlnns
1209 2960 1435 3011 suooermrum.

247 3049 323 3113 llinc
339 3049 432 3131 igitur
448 3052 504 3120 est,
521 3047 610 3133 quod,
625 3064 694 3112 cum
712 3046 837 3115 discreti
851 3050 918 3122 riri,
934 3051 1092 3116 Hermone
1108 3049 1208 3119 dictus
1222 3052 1389 3119 nemen
1404 3060 1438 3119 et

246 3158 348 3222 fratris
370 3157 417 3222 sui
438 3156 584 3221 decimam
605 3157 691 3221 situm
713 3157 742 3220 in
761 3159 942 3241 Gootcstorf
958 3164 989 3221 et
1003 3158 1183 3225 Plumcutul
1205 3158 1282 3227 nitro
1302 3160 1434 3248 Specta-

244 3266 339 3333 teron
365 3273 396 3330 et
421 3265 652 3351 dierucultr,
674 3285 763 3350 qurum
786 3264 1122 3333 accusatoremne
1145 3268 1274 3341 neruis,
1298 3270 1433 3337 Ducibus

244 3377 363 3441 loculo
383 3377 413 3439 in
442 3374 562 3439 feudum
588 3374 732 3439 haetenus
754 3380 923 3446 tennerunt,
948 3374 1177 3447 llnnnrolnilibur
1205 3383 1237 3441 ot
1267 3377 1435 3462 Religionis

245 3487 327 3557 virts,
344 3485 553 3551 fmtridocede
569 3467 648 3549 r'ruue
664 3483 763 3551 abbati
780 3489 811 3547 et
822 3483 988 3551 Conuentui
1003 3483 1174 3553 lloueuterii
1188 3488 1306 3555 Sancte
1318 3492 1434 3556 Crucis

245 3598 274 3659 in
297 3596 388 3660 Silrm
404 3595 577 3661 maurusi
599 3614 654 3678 pro
672 3594 834 3675 Octoginta
858 3595 979 3661 talentis
1002 3594 1193 3665 decuriorum
1215 3597 1430 3667 viennensium

243 3706 283 3770 de
306 3723 456 3769 censensu
477 3709 581 3768 nostru
603 3702 790 3771 vendiderint
806 3702 941 3785 legitime
957 3707 989 3769 et
1003 3704 1246 3788 ussiguuusrint,
1272 3706 1354 3791 quod
1374 3726 1432 3775 nos

241 3816 444 3887 adnectentes,
468 3814 580 3878 dictum
598 3813 809 3879 llnuusterium
826 3811 1036 3881 nouuraoilsu
1058 3822 1088 3881 et
1110 3814 1313 3883 memorialem
1339 3817 1432 3887 Plan-

241 3923 332 3988 tnlem
349 3926 416 3988 tore
429 3923 591 3988 llluetrium
607 3922 754 4007 quondum
771 3922 955 4006 Principum,
972 3924 1086 3989 lineum
1103 3924 1240 3999 destrue,
1257 3925 1436 4010 pereutere.⁴

240 4054 341 4099 sorum
359 4038 528 4098 nostrorum
550 4053 586 4096 ue
601 4032 694 4114 igitur
709 4034 868 4116 cupientes
883 4033 982 4115 ipsum
997 4036 1140 4118 prosequi
1155 4035 1261 4101 iuuere
1276 4043 1309 4101 el
1321 4039 1430 4119 grecie

239 4143 365 4228 speciali
392 4143 500 4226 ipris.
537 4139 672 4206 ‚dbbeti
701 4142 870 4207 Conucntni
896 4148 928 4206 et
954 4142 1136 4209 Moneotoriu
1162 4144 1201 4209 od
1227 4143 1367 4212 deuotum
1395 4155 1430 4215 ot

239 4253 397 4317 instantem
424 4250 673 4336 supplicetionem
696 4249 870 4317 eorumdem
899 4252 1113 4336 proprietatem
1135 4252 1272 4323 elumen
1293 4255 1429 4332 decime,

239 4362 318 4426 sicut
334 4360 420 4425 nobis
438 4366 469 4425 et
483 4359 570 4425 metri
585 4367 708 4431 nmtro,
735 4360 812 4425 Ducl
827 4360 955 4427 umero
970 4361 1133 4444 pertinuit,
1155 4363 1194 4431 do
1208 4364 1305 4449 ipsius
1319 4367 1426 4433 mutuis

239 4474 334 4535 nostri
354 4472 431 4536 scitu
454 4478 484 4535 et
504 4486 653 4537 consensu
677 4468 844 4535 liberulitor
860 4468 996 4537 dedimus
1018 4476 1049 4537 et
1069 4470 1263 4555 presecutor
1276 4474 1425 4542 wreus

238 4588 267 4646 et
283 4581 429 4645 donemus
444 4581 482 4645 od
500 4602 570 4645 rsus
585 4587 618 4645 et
643 4578 785 4645 utilitates
801 4579 875 4645 dieti
900 4579 1074 4647 monosterii
1096 4583 1126 4647 in
1148 4586 1235 4649 noter
1261 4584 1426 4668 possiden-

237 4690 304 4754 dnm
320 4695 465 4774 perpetuo
496 4694 527 4754 ct
549 4689 718 4755 tenendum.
755 4689 788 4753 ln
813 4689 898 4755 ouius
920 4690 964 4755 rei
992 4691 1170 4759 euidentitrn
1192 4692 1424 4783 tmdlutenque
