3192 5342
274 474 322 545 10

268 659 299 723 di
324 656 375 724 hie
395 655 580 741 geschriben
597 661 689 723 stent.
725 658 786 724 Her
804 658 962 725 it'ciclrurt
977 679 1039 725 oon
1057 661 1165 747 Τυροῖ.
1191 658 1247 723 her
1266 660 1374 745 Ropot
1396 681 1461 724 oon

271 766 391 831 Woldcir
406 766 464 830 rod
481 766 537 831 her
555 767 628 832 otte
642 768 706 830 sein
722 767 846 852 pruder.
863 767 921 830 vnd
943 765 1053 831 brodon
1070 767 1211 833 Chorurot
1226 790 1286 832 von
1301 768 1462 831 Litinoeld

270 873 381 937 hruder
398 874 540 939 Hernico
560 873 617 938 der
633 871 794 940 chamerer
810 895 847 939 ne
862 872 1022 939 Litinreid.
1059 875 1147 938 Ditze
1163 875 1201 938 ist
1216 875 1404 957 geschehen,
1421 875 1460 937 do

268 1001 324 1045 von
341 980 479 1045 Christos
494 980 610 1067 gepvrd
627 1002 729 1046 waren
745 988 864 1046 tarsent
880 984 923 1044 ior
938 981 997 1045 und
1014 982 1218 1046 drevhrndert
1233 983 1293 1048 rud
1311 986 1385 1047 awei
1404 984 1460 1052 ior,

269 1091 346 1154 uach
362 1088 474 1155 Ostern
490 1089 566 1155 rber
581 1088 653 1154 aoht
669 1095 721 1173 tog
736 1089 864 1156 castoli
880 1112 917 1154 ze
934 1089 1133 1156 Neondorclo.

341 1231 458 1303 Origine!
470 1232 520 1287 out
528 1231 687 1302 Pergament
700 1231 747 1286 mit
759 1231 823 1285 arrei
837 1230 953 1301 Siegdn.

830 1393 892 1471 XI.

268 1533 344 1607 18⁰2,
356 1534 395 1595 18.
407 1534 564 1606 demutor,
575 1533 703 1596 hiem.
713 1534 843 1589 -noto
855 1536 946 1605 Popst
957 1534 1129 1608 Bonifoor'ns
1138 1534 1214 1591 Vm.
1227 1535 1282 1609 fote·
1292 1535 1348 1592 don
1355 1536 1463 1593 Cister-

520 1624 740 1682 consen-Orda
751 1626 782 1682 in
791 1624 908 1697 Betreff
915 1624 967 1680 der
977 1625 1208 1697 Zeterttfrciteo't.

269 1844 313 1908 sie
333 1842 515 1917 Abbatihus,
539 1845 708 1911 Abbatissis
730 1851 761 1908 et
789 1843 996 1910 conuentibus
1020 1844 1135 1908 ordinis
1159 1846 1377 1912 Cistercienstu
1400 1853 1461 1910 tem

268 1951 461 2033 presentibus
480 1972 566 2034 quam
590 1954 701 2018 tuturis
723 1954 851 2017 salntem
874 1960 905 2017 ct
928 1950 1124 2037 apostoticam
1141 1952 1393 2019 benedictionem.
1430 1954 1463 2018 in

267 2058 401 2123 ecclesie
425 2057 610 2125 firmamento
634 2069 737 2126 nester
752 2060 827 2123 ordo
849 2063 947 2125 nitore
963 2060 1046 2125 clero
1064 2081 1244 2126 corruscans
1260 2061 1463 2128 uniuersaiem

266 2168 372 2251 gregis
392 2167 536 2232 dominici
558 2169 654 2232 auiam
682 2168 830 2233 illuminat
846 2175 877 2233 et
898 2168 1089 2235 currentibus
1106 2170 1137 2235 in
1153 2169 1251 2234 stadio
1268 2175 1387 2235 rectum
1402 2171 1463 2234 iter

266 2275 406 2349 insinuat,
423 2296 481 2362 quo
499 2276 536 2341 ad
552 2276 658 2340 salutis
675 2274 810 2341 bravium
826 2278 946 2342 iacitius
962 2278 1147 2362 peruenitur.
1165 2276 1269 2360 Nuper
1284 2277 1405 2362 quidem
1422 2275 1462 2340 ob

266 2384 324 2449 hoc
337 2390 368 2449 et
379 2388 503 2470 propter
520 2386 621 2465 magni
639 2382 810 2449 deuotionis
820 2384 971 2458 effectum,
987 2405 1076 2471 quem
1093 2384 1131 2449 ad
1147 2404 1202 2449 nos
1219 2390 1250 2449 et
1265 2385 1464 2468 apostolicam

265 2491 369 2555 sedem
385 2490 523 2565 hebetis,
547 2491 684 2557 ordinem
707 2494 804 2577 ipsum
826 2514 861 2557 ac
886 2513 942 2558 uos
959 2499 991 2557 et
1012 2492 1087 2557 aiios
1104 2492 1238 2557 eiusdem
1256 2490 1372 2557 ordinis
1389 2512 1464 2575 pro·

267 2600 402 2663 sessores
420 2599 522 2663 intima
538 2600 663 2664 caritate
679 2602 902 2685 prosequimur.
919 2622 954 2666 ac
970 2601 1100 2665 sinceris
1116 2599 1275 2665 affectibus
1292 2602 1464 2671 excitamur,

267 2706 305 2771 ad
322 2711 425 2771 uestra
441 2712 472 2771 et
487 2707 604 2771 illorum
620 2707 795 2780 commode,
816 2711 847 2772 iu
864 2709 974 2791 quibus
989 2706 1118 2772 honeste
1141 2726 1315 2792 possumes,
1339 2725 1465 2790 promo·

266 2814 375 2879 nenda.
413 2813 545 2898 Ideoque
567 2816 784 2899 premissorum
811 2816 921 2881 intuitu
946 2822 978 2881 et
999 2816 1125 2881 obtentu
1153 2814 1258 2881 dilecti
1286 2812 1340 2878 utu
1367 2815 1465 2879 nostri

267 2922 399 2988 liuberti
420 2920 507 2986 titulo
531 2927 637 2987 sancte
653 2923 838 2989 Pudentianc
861 2923 1026 3008 presbiteri
1043 2923 1225 2997 Cordinalis¹
1247 2924 1299 3007 qui
1315 2928 1466 3009 umquam

267 3030 377 3114 prefati
392 3028 508 3096 ordinis
524 3049 612 3115 quem
628 3031 786 3114 professus
802 3032 904 3097 existit
920 3038 1074 3117 promotor
1090 3032 1239 3105 assiduus,
1265 3033 1467 3096 necessitates

266 3142 385 3201 uestras
400 3141 432 3201 et
446 3137 520 3202 dieti
537 3138 652 3203 ordinis
668 3140 755 3203 nobis
771 3144 948 3204 reverenter
964 3140 1113 3223 exposuit.
1131 3145 1161 3203 ct
1176 3158 1269 3222 super
1284 3137 1345 3203 iilis
1361 3146 1470 3205 nostre

266 3245 1469 3332 provisionisauxiiiumimplorauituobisauctoritatepresentiominduigemus.

267 3356 300 3417 nt
312 3351 350 3416 de
361 3353 453 3417 terris
468 3356 580 3419 uestris
597 3356 685 3420 cottis
702 3362 733 3419 et
748 3354 871 3420 incultis
887 3355 925 3419 od
942 3354 1079 3419 ordinem
1097 3359 1231 3418 uestrum
1247 3353 1469 3437 spectantibus.

266 3480 341 3544 quas
358 3458 424 3526 aliis
440 3463 639 3528 concessistis
656 3464 703 3526 nei
719 3461 895 3527 concedetis
912 3464 1106 3547 imposterum
1122 3460 1314 3534 excolendas,
1343 3462 1382 3526 de
1398 3463 1470 3545 qui·

268 3568 324 3633 bus
340 3574 440 3633 tamen
457 3570 566 3654 aliquis
584 3569 718 3634 decimus
734 3590 789 3635 seu
806 3571 954 3652 primitias
968 3591 1027 3635 non
1044 3571 1200 3653 percepit.
1224 3570 1322 3634 nullus
1345 3591 1361 3633 e
1378 3568 1469 3634 uobis

268 3696 324 3740 seu
340 3677 505 3742 cultoribus
529 3685 676 3743 terrarum
698 3678 831 3762 ipserum
853 3686 904 3743 aut
917 3678 1153 3764 quibuscumque
1174 3678 1244 3742 aliis
1261 3678 1396 3742 decimus
1411 3696 1470 3740 seu

268 3783 418 3866 primitias
442 3785 567 3868 exigere
591 3785 639 3849 uei
661 3793 844 3871 extorquere
866 3794 1028 3871 presumat.
1063 3786 1127 3852 Nos
1144 3788 1223 3851 cuim
1240 3783 1467 3849 nichitiominus

267 3893 381 3956 irritum
410 3892 600 3959 decernimus
628 3894 786 3967 etimne,
814 3894 886 3979 quid
913 3895 983 3980 qnid
1010 3900 1114 3959 contra
1142 3900 1279 3959 tenorem
1297 3892 1470 3956 huiusmodi

267 3999 453 4081 indulgentie
480 4002 571 4066 tuerit
591 4000 810 4085 attemptatum.
850 4001 930 4066 Nutti
954 4022 1028 4084 ergo
1053 4001 1174 4065 omnino
1198 4000 1349 4065 hominum
1364 3999 1468 4073 liceat,

267 4107 345 4172 hano
360 4109 500 4193 paginam
516 4117 621 4175 nostre
643 4110 853 4175 concessionis
877 4116 909 4174 et
931 4110 1155 4174 constitutionis
1178 4109 1347 4191 intringere
1372 4106 1423 4171 uel
1439 4107 1468 4170 ei

269 4236 344 4281 ausu
359 4219 519 4282 temerario
536 4217 696 4283 contraire.
722 4217 755 4281 Si
771 4220 840 4301 quis
856 4225 955 4282 antem
971 4219 1030 4283 hoc
1047 4216 1223 4302 attemptare
1236 4215 1470 4300 presumpserit.

267 4324 505 4406 indignationem
517 4326 729 4411 omnipotentis
745 4325 795 4390 dei
812 4332 843 4388 et
855 4325 1010 4390 beatorum
1023 4326 1106 4390 Petri
1122 4332 1152 4389 et
1163 4323 1249 4389 Peuli
1262 4325 1470 4407 apostotorum

266 4433 333 4496 eius
350 4452 385 4496 se
407 4434 525 4497 nouerit
541 4435 742 4499 incursurum.
780 4434 887 4497 Datum
904 4433 1047 4498 Laterani
1068 4432 1131 4497 XV.
1148 4431 1298 4497 Kalendas
1321 4432 1471 4501 soronii,

267 4539 463 4605 Pontificatns
478 4542 574 4605 nostri
590 4543 676 4606 Anno
692 4540 819 4607 Octavo.

339 4664 457 4733 original
470 4665 519 4718 uni
528 4665 685 4735 Pergammt
698 4664 745 4718 mit
756 4665 891 4719 niciosus.
