3192 5342
282 507 359 578 tu

274 682 394 747 domino
409 680 526 745 Abbate
542 686 574 744 et
587 679 744 746 conuentu
765 679 841 745 dicti
856 677 983 765 Cenobij
999 700 1036 745 ac
1058 681 1163 746 eodem
1180 678 1316 747 Cenobio
1332 701 1388 745 seu
1404 680 1473 745 blo·

275 792 407 854 nasterio
434 811 470 854 ex
493 791 603 861 altera,
631 788 668 853 ad
696 795 828 854 nostram
851 789 1055 874 personaliter
1080 788 1254 854 accedendo
1281 791 1472 874 presenciam

274 898 355 961 ldem
374 896 468 962 outo
483 896 752 980 possessionariam
776 897 952 983 porcionem
973 917 1057 960 suam
1073 918 1128 961 seu
1145 896 1264 963 Curiam
1280 898 1367 962 titulo
1383 918 1471 985 emp·

276 1006 371 1070 clonia
399 1011 601 1088 comparatam
630 1004 659 1065 in
687 1006 882 1089 possessione
904 1006 1040 1091 predicta
1068 1006 1174 1072 Sarum
1195 1007 1377 1071 existentem
1403 1025 1470 1071 cum

275 1111 452 1178 utilitatibus
465 1113 538 1184 suis,
551 1113 670 1177 scilicet
680 1112 756 1177 locis
769 1113 996 1186 cessionalibus,
1008 1115 1115 1178 Terris
1127 1114 1303 1187 arabilibus,
1315 1113 1471 1187 senilibus,

275 1222 369 1307 pratis
386 1226 417 1285 et
431 1221 553 1304 pascuis
570 1240 605 1284 ac
621 1220 696 1285 dure
712 1221 871 1294 blontano,
895 1242 952 1286 nec
968 1244 1027 1286 non
1043 1222 1109 1287 aliis
1126 1222 1280 1295 omnibus,
1297 1224 1327 1286 in
1344 1223 1470 1307 quibus·

275 1349 402 1414 cumque
418 1330 548 1394 existant
564 1328 611 1392 rel
628 1347 814 1413 quocumque
830 1330 948 1393 nomine
965 1336 1162 1401 censeantur,
1185 1329 1281 1413 ipsam
1298 1331 1470 1414 porcionem

275 1437 545 1520 possessionarism
562 1456 615 1499 scu
636 1435 755 1499 Curiam
772 1437 1016 1518 contingentibus
1032 1435 1126 1509 dedit,
1148 1436 1283 1502 vendidit
1297 1443 1330 1501 et
1344 1436 1471 1502 tradidit

277 1546 414 1632 predicto
430 1546 514 1609 tratri
531 1545 684 1610 Seuerido
701 1552 731 1609 et
746 1565 803 1629 per
818 1564 885 1609 eum
902 1544 983 1608 dieto
1000 1545 1118 1610 domino
1135 1545 1235 1610 abbati
1252 1552 1284 1611 et
1297 1546 1466 1611 Conuentni

277 1675 314 1719 ac
342 1651 475 1717 cenobio
502 1652 568 1716 siue
591 1652 777 1716 ldonasterio
801 1652 921 1717 Sorrctc
948 1653 1059 1718 drocis
1083 1653 1281 1738 prudentum
1305 1659 1336 1717 et
1362 1654 1470 1735 viginti

276 1764 412 1827 Talentis
429 1761 555 1825 latorum
569 1760 757 1824 denariorum
769 1761 985 1832 viennensium,
1001 1760 1092 1845 piene
1104 1769 1136 1824 ct
1147 1762 1336 1846 integraliter
1351 1761 1389 1825 ab
1406 1762 1470 1846 ipso

278 1873 411 1955 receptis
428 1876 586 1955 perpetuo,
604 1869 731 1953 pacifice
747 1877 778 1933 et
793 1868 1038 1934 irreuocabilitcr
1053 1868 1230 1941 tenendam,
1254 1870 1422 1934 habendam
1439 1875 1471 1933 et

279 1981 393 2065 pariter
408 1977 645 2063 possidendam,
668 1977 757 2040 Nullo
774 1977 867 2050 lure,
890 1975 1029 2061 nulloque
1051 1976 1183 2042 dominio
1199 1979 1230 2041 in
1247 1978 1328 2043 dicta
1344 1998 1470 2061 posses·

278 2087 408 2151 sionaria
431 2087 576 2171 porcione
597 2105 652 2149 seu
668 2083 758 2148 Curia
785 2085 845 2148 sibl
872 2092 903 2148 et
929 2086 994 2149 suis
1015 2084 1245 2150 successoribus
1269 2085 1468 2169 inposterum

279 2202 451 2266 reseruato;
480 2192 548 2256 Tali
565 2192 761 2275 obligacionis
778 2193 896 2257 uinculo
914 2194 1077 2264 mediante,
1095 2192 1192 2277 quod,
1209 2194 1381 2279 quicunque
1397 2214 1469 2257 snc-

280 2305 465 2372 cessiuorum
493 2308 659 2386 temporum
683 2301 852 2365 mutacione
873 2301 982 2367 dictam
1006 2301 1179 2383 porcionem
1201 2301 1473 2384 possessionariam

279 2433 335 2476 seu
347 2411 467 2477 Curiam
482 2412 513 2475 in
529 2416 592 2473 toto
609 2409 656 2474 oel
673 2410 705 2472 in
720 2413 807 2492 parte
817 2409 954 2492 inpetere
969 2410 1213 2492 attemptauerint
1224 2428 1242 2472 a
1254 2408 1336 2472 dicto
1350 2408 1471 2474 domino

280 2521 397 2586 Abbato
420 2523 450 2582 et
471 2517 626 2583 Conuentu
644 2535 680 2578 ac
701 2515 884 2580 blonastcrio
904 2524 1016 2583 snncoe
1032 2517 1153 2588 Crucem,
1175 2516 1224 2580 uel
1248 2516 1356 2600 quouis
1384 2515 1471 2581 titulo

282 2647 468 2713 aggrausre,
497 2631 619 2689 extunc
636 2623 733 2690 Ottlso
750 2624 925 2710 sepedictus
941 2631 972 2689 et
987 2625 1038 2688 tilii
1055 2625 1102 2688 sui
1119 2624 1259 2708 superius
1275 2624 1418 2689 nominati
1434 2645 1472 2689 ac

281 2755 384 2803 eorum
399 2734 532 2799 heredes
547 2734 631 2817 ipsos
643 2732 787 2815 expedire
802 2733 984 2798 tenebuntur
998 2734 1131 2818 propriis
1144 2732 1296 2797 laboribus
1311 2738 1343 2797 et
1359 2753 1473 2817 erpen-

279 2848 332 2919 sis,
350 2847 537 2929 Proprietate
561 2841 785 2906 nicbillominus
807 2842 963 2926 sepedicto
979 2843 1132 2925 porcionis
1149 2843 1390 2925 possessionarie
1405 2844 1474 2906 siue

280 2953 370 3019 Curis
394 2950 473 3035 apud
501 2950 652 3013 dominum
669 2948 830 3022 Abbatcm,
858 2947 1044 3013 Conuentum
1069 2969 1104 3014 ac
1126 2949 1340 3015 blonasteriunr
1361 2957 1475 3017 sancte

281 3062 393 3129 Gnosis
410 3080 531 3145 semper
553 3063 736 3122 remanente.
772 3059 804 3121 ln
821 3059 909 3122 euius
931 3058 976 3121 rei
992 3058 1164 3121 memoriam
1181 3063 1213 3121 et
1227 3064 1402 3143 perpetuam
1419 3056 1476 3120 lir-

280 3172 413 3235 mitatem
431 3172 589 3252 presentes
605 3165 811 3230 concessimus
832 3165 948 3230 litteras
970 3164 1064 3246 sigilli
1086 3167 1179 3230 nosci
1197 3166 1341 3230 autentici
1356 3183 1475 3250 appen-

279 3281 365 3344 sione
391 3275 558 3340 roboratas.
601 3274 708 3337 Datum
734 3273 811 3336 teria
836 3278 939 3357 quarta
968 3274 1098 3356 proxima
1126 3278 1196 3356 post
1222 3271 1351 3336 Octauas
1377 3274 1475 3337 Pasce

280 3386 391 3450 domini
419 3387 502 3448 Anno
529 3383 665 3446 eiusdem
690 3380 848 3445 blillesimo
875 3380 1123 3452 Trecentesimo,
1150 3380 1320 3444 Tricesimo
1345 3379 1475 3445 Octauo.

282 3493 436 3576 blagistris
451 3490 603 3556 dioriccic
619 3488 791 3572 preposito,
819 3487 952 3574 blotbpc
966 3488 1100 3560 lectore,
1124 3489 1260 3576 Gcorps'n
1275 3497 1417 3558 cantore,
1443 3500 1476 3552 et

281 3605 376 3668 Petro
394 3597 537 3670 custode,
567 3597 745 3679 ceterisque
767 3597 911 3661 iratribus
938 3602 969 3661 et
992 3597 1120 3661 dominis
1137 3596 1269 3661 ecclesie
1286 3604 1390 3661 nostre
1407 3600 1474 3661 exi-

280 3709 440 3775 stentibus.

352 3831 468 3903 original
482 3829 530 3886 aul
538 3831 694 3901 Pergament
706 3828 753 3883 mit
765 3828 864 3899 Siegcl.

278 4177 353 4248 luto,
368 4175 409 4235 12.
421 4174 486 4234 lat.
500 4207 536 4216 -
550 4174 616 4230 Otto
630 4171 682 4229 der
694 4174 803 4229 ltottcr
814 4170 951 4243 certouft
964 4172 1080 4227 lis-oder
1091 4170 1248 4228 Kourodcn
1259 4189 1313 4228 voa
1324 4151 1473 4243 licilipcn·

279 4270 386 4328 erens.
408 4265 517 4322 denec
533 4265 709 4339 Hofmctrtcr
729 4259 769 4317 im
786 4262 1039 4332 Heitipcnltreascr
1049 4260 1135 4332 -ΠοῙ
1142 4261 1173 4317 in
1191 4263 1290 4326 W'cu,
1310 4263 1358 4319 cio
1375 4262 1473 4319 bolbcr

701 4353 796 4409 beben
807 4369 845 4406 aa
858 4349 1045 4422 Hodrcadors.

369 4485 420 4550 lob
440 4485 494 4550 Oct
517 4485 573 4550 der
588 4485 705 4549 Rostcr
727 4481 785 4545 und
810 4480 860 4545 icb
876 4482 957 4569 ,torp
973 4479 1032 4545 rud
1048 4480 1098 4544 ich
1114 4481 1231 4545 Hartcl
1251 4480 1316 4544 sein
1340 4479 1472 4546 brueder

279 4595 338 4659 rnd
359 4595 410 4658 icb
425 4593 542 4659 Kotrei
562 4592 620 4655 rud
644 4589 694 4655 ich
712 4591 873 4656 Gcrdrnot
890 4591 915 4653 ir
931 4595 1070 4659 suester,
1095 4588 1150 4651 wir
1175 4588 1318 4653 rerieben
1339 4589 1399 4653 und
1415 4581 1471 4653 tuin

281 4705 372 4769 cluunt
387 4704 465 4768 allen
483 4703 552 4774 den,
567 4701 597 4765 di
614 4702 700 4764 disen
717 4701 801 4785 priel
813 4699 910 4764 lesent
925 4699 1000 4763 oder
1016 4700 1125 4764 horent
1140 4698 1242 4771 lesen,
1266 4693 1297 4762 di
1314 4721 1351 4764 nu
1368 4697 1472 4763 lebant
