3192 5342
279 480 327 552 12

274 655 433 737 conjugem
450 653 613 736 legitimam
628 661 661 718 et
676 673 808 724 uxorem,
825 652 977 718 dimidiam
993 659 1109 737 partem
1133 655 1236 719 curiae
1253 657 1283 719 in
1301 655 1467 721 &manech

273 762 333 846 ipsi
348 763 511 849 Lcupoldo
526 761 588 825 lilio
605 781 660 827 sno
677 761 715 826 ad
735 762 861 826 eandem
878 761 1024 825 dominam
1047 767 1078 825 et
1095 762 1193 825 eidem
1211 762 1347 826 dominae
1363 764 1467 843 resig-

273 867 383 931 nando.
412 869 542 941 Tamen,
568 869 636 954 quia
657 869 724 953 ipsa
747 867 864 931 domina
888 867 1050 931 secundnm
1078 868 1176 950 tegern
1199 870 1365 933 mortalium
1387 872 1469 932 vitae

273 976 411 1060 spiritum
428 974 575 1048 exalavit,
605 975 770 1060 supradicti
787 975 955 1062 Philippus
980 982 1011 1039 et
1026 977 1200 1042 Heinricna
1217 977 1298 1040 tilius
1315 979 1382 1059 ejus
1398 996 1467 1041 curn

274 1088 436 1148 memorato
453 1083 608 1149 Helorion
624 1083 663 1146 dc
678 1083 827 1149 horbach
842 1085 950 1147 iterum
967 1084 1150 1148 discordiam
1167 1085 1361 1157 inchoarant,
1389 1104 1468 1170 quae

272 1211 352 1256 nunc
368 1190 566 1256 amicabiliter
582 1196 629 1255 est
645 1192 812 1275 composita
836 1197 867 1256 et
891 1191 995 1256 sedata
1011 1192 1076 1263 sic,
1105 1193 1185 1276 quod
1209 1194 1384 1257 Heinricua
1403 1192 1467 1274 jam

272 1300 371 1364 dictus
398 1306 430 1364 et
456 1300 535 1363 filius
557 1322 629 1364 suus
652 1302 834 1389 Lcnpoldua
861 1321 935 1384 sepe
962 1301 1051 1365 dictis
1074 1302 1235 1389 Phylippo
1263 1306 1294 1364 et
1317 1301 1378 1365 tilio
1400 1302 1468 1383 ejus

272 1409 414 1473 Haurico
431 1409 578 1473 dederuut
594 1409 652 1473 duo
679 1410 791 1473 talenta
820 1409 1009 1474 denariorum
1029 1414 1060 1473 et
1084 1411 1209 1474 duarum
1236 1410 1404 1474 tunicarum
1428 1409 1468 1473 de

272 1536 371 1601 panno
388 1517 491 1597 griseo
509 1517 545 1580 ad
562 1517 705 1581 valorem.
740 1518 936 1600 Abnegantes
952 1519 1054 1602 itaque
1073 1519 1135 1600 jam
1160 1517 1234 1582 dicti
1250 1518 1420 1605 Philippus
1437 1521 1469 1582 et

273 1623 353 1687 tilius
370 1624 436 1706 ejus
452 1626 492 1689 Η.
527 1622 622 1688 Omne
635 1624 686 1706 jus
704 1630 735 1689 ct
748 1625 826 1707 juris
843 1625 992 1697 auxilinm,
1010 1644 1188 1709 omnemque
1205 1626 1411 1709 impetitionem
1438 1631 1469 1687 et

271 1732 476 1816 quaestionem
503 1735 605 1798 curiae
628 1753 719 1817 supra
741 1733 824 1798 dicte
847 1753 903 1817 pro
920 1754 955 1797 se
972 1739 1002 1797 et
1018 1754 1073 1817 pro
1090 1733 1228 1797 omnibus
1245 1734 1309 1797 suis
1325 1733 1467 1798 atlinibns

272 1846 303 1904 et
319 1840 474 1922 cognatis,
502 1841 560 1905 sibi
587 1859 740 1925 supereo
762 1844 940 1925 perpetuum
957 1840 1108 1905 silentium
1124 1841 1324 1924 imponentes,
1352 1841 1470 1904 Promi-

271 1955 369 2012 tentes
389 1946 513 2012 firmiter
536 1953 568 2012 et
582 1948 722 2032 precisce
738 1968 793 2033 pro
811 1947 947 2012 omnibus
962 1947 1026 2011 suis
1042 1946 1206 2011 heredibus
1224 1948 1283 2012 fide
1308 1969 1361 2014 sna
1379 1948 1470 2011 nobis

270 2059 412 2142 porrecta
424 2076 481 2140 per
490 2056 700 2138 insjurandum
712 2056 744 2119 in
757 2056 870 2120 animas
883 2076 966 2130 snas,
980 2057 1058 2141 quod
1073 2056 1279 2140 supradictum
1291 2058 1470 2122 Hnnriccm

272 2163 311 2227 de
326 2163 483 2236 Borbach,
509 2164 672 2228 aulalium
695 2163 904 2250 qualicumque
927 2163 1157 2229 inhabitatorem
1182 2165 1267 2228 curie
1283 2168 1468 2228 memoratae

271 2271 530 2342 commotionibus,
547 2270 778 2342 turbationibus,
796 2270 1024 2355 quaestionibus
1040 2277 1072 2334 et
1088 2271 1323 2356 inpeditionibus
1339 2270 1469 2357 quibus·

272 2398 391 2464 cunque
406 2398 602 2462 personarum
619 2384 781 2443 antrorum
793 2379 923 2444 ocultam
936 2384 987 2442 aut
999 2380 1189 2443 manifestam
1205 2378 1352 2444 lesionem
1365 2378 1470 2443 verbis

271 2488 319 2552 rel
334 2486 477 2571 operibns
494 2506 553 2551 non
569 2487 680 2551 faciant
708 2487 884 2572 aliqualem,
916 2491 1105 2551 assumentes
1120 2487 1245 2571 insuper
1273 2491 1304 2550 et
1330 2487 1470 2551 strictius

271 2617 306 2660 se
332 2596 481 2679 ligantes,
513 2601 568 2667 ut,
599 2595 845 2679 quandocumque
869 2611 1017 2677 processo
1042 2595 1185 2679 temporis
1212 2595 1409 2682 Phylippum
1437 2601 1470 2656 et

272 2703 461 2769 [Iciniacum
489 2702 582 2767 filium
609 2704 752 2767 suumin
781 2721 990 2787 quemcunque
1022 2702 1142 2768 modum
1170 2721 1328 2767 rancorem
1358 2707 1467 2767 contm

273 2811 462 2876 Halm-icum
477 2809 516 2874 de
538 2810 686 2876 Rorbaclr
713 2816 765 2874 aut
784 2829 995 2894 possessorem
1012 2811 1114 2873 curiae
1135 2809 1328 2894 supradictae
1344 2809 1468 2873 contin·

271 2917 353 3000 gerit
374 2919 528 2990 excitare,
557 2918 636 3002 quod
660 2922 732 2982 tnnc
748 2938 849 2981 rerum
865 2923 896 2981 et
911 2937 1108 3002 personarum
1124 2918 1290 3001 periculum
1306 2921 1469 2981 incurrere

270 3023 460 3091 tenebuntur.
478 3024 585 3090 Datum
599 3045 675 3089 anno
688 3025 807 3089 Domini
820 3022 937 3089 blCCC.
948 3024 995 3088 lll.
1010 3025 1145 3108 Septimo
1154 3023 1303 3089 calendas
1311 3024 1468 3089 Octobris.

343 3167 411 3222 chi
425 3166 636 3238 gleichlautcndc
650 3166 783 3238 Originale
796 3168 844 3222 aut
853 3168 1010 3237 Pergameni
1021 3167 1068 3221 mit
1081 3166 1181 3239 Siegel.

821 3366 912 3445 XIV.

271 3507 346 3579 lant,
364 3508 402 3565 ll.
414 3507 575 3579 november,
597 3507 681 3567 illan
703 3539 739 3549 —
760 3509 862 3581 Ortols
878 3525 933 3562 uon
952 3508 1129 3563 Alaenorurlr
1152 3509 1287 3579 certanti
1314 3506 1367 3563 der
1383 3509 1471 3563 Atta

271 3596 490 3667 Heilipenkrens
509 3596 586 3669 tilnf
603 3596 715 3669 Hand,
734 3597 808 3651 achra
825 3597 984 3669 mena'npe
1003 3596 1087 3650 Grilte
1108 3613 1144 3651 aa
1173 3597 1388 3669 Hedrichsdorf
1406 3596 1472 3651 aad

644 3686 691 3742 die
705 3687 943 3742 Gerichtsdurkea't
955 3686 1085 3741 dascldrt.

360 3796 411 3861 lcb
426 3798 539 3881 Ortolf
549 3819 610 3862 oon
618 3800 867 3884 Atacnprocltem
884 3797 943 3863 rnd
959 3797 1008 3860 icb
1025 3798 1179 3863 Gerbirch
1192 3799 1261 3862 sein
1274 3800 1469 3862 ansvrnme

270 3903 330 3969 vnd
354 3905 404 3967 ich
426 3905 577 3970 Friedrich
600 3905 659 3969 vnd
685 3905 735 3969 iob
757 3906 910 3972 Albreclut
932 3906 959 3969 ir
981 3926 1054 3970 svne
1077 3905 1144 3969 Vnd
1169 3905 1219 3968 ich
1235 3907 1379 3992 Mcrqret
1407 3906 1468 3970 und

270 4013 320 4078 ich
335 4014 463 4079 utemur
485 4012 543 4078 und
563 4012 612 4078 ich
626 4013 732 4100 Apnea
747 4014 807 4077 und
822 4013 870 4077 ich
885 4016 1050 4079 Gerttract
1065 4015 1093 4077 ir
1105 4015 1214 4078 tobter.
1232 4014 1301 4078 Wir
1319 4012 1468 4077 verieben

271 4122 329 4185 und
345 4129 397 4184 tun
415 4122 507 4186 cbunt
524 4120 603 4183 allen
621 4119 695 4193 den,
717 4121 747 4184 di
773 4121 860 4185 disen
876 4122 960 4205 prief
972 4120 1070 4185 lesent
1087 4121 1162 4186 oder
1173 4121 1283 4186 borant
1299 4120 1398 4194 lesen,
1416 4122 1467 4185 die

272 4250 310 4293 nr
326 4228 429 4292 lebent
444 4230 503 4292 und
519 4228 634 4292 bernab
649 4229 804 4295 cbunsticb
822 4232 898 4301 sint,
921 4230 982 4293 Dan
999 4230 1055 4293 wir
1072 4230 1125 4293 mit
1140 4251 1232 4294 unser
1248 4228 1343 4293 erben
1360 4236 1467 4312 gratem

270 4338 371 4403 willen
387 4337 446 4399 rud
462 4343 561 4419 grnst,
578 4334 637 4399 und
655 4338 708 4400 mit
722 4336 897 4401 verdahtem
920 4342 1000 4400 mute
1017 4337 1074 4401 und
1097 4339 1149 4400 mit
1165 4338 1306 4418 aeitigem
1324 4343 1370 4400 rat
1389 4336 1466 4400 aller

270 4466 362 4510 vnser
371 4444 512 4516 Frivnde,
530 4445 604 4506 bern
611 4445 803 4510 llbichcrtca
817 4443 876 4508 und
892 4445 968 4506 hern
978 4445 1155 4510 Cbadoldca
1170 4468 1231 4510 con
1243 4447 1468 4530 Pavmpnrten,

269 4552 329 4618 und
351 4552 444 4617 ander
460 4573 550 4615 unser
566 4552 697 4616 Frirnde
718 4552 778 4615 und
796 4552 848 4615 mit
863 4557 1037 4634 gesamptcr
1053 4552 1126 4616 hant
1141 4574 1177 4615 av
1193 4553 1247 4615 der
1264 4553 1334 4619 zeit,
1354 4552 1394 4615 do
1411 4554 1468 4615 wir

269 4663 298 4723 ia
317 4663 371 4725 wul
388 4665 480 4742 getrn
492 4661 622 4733 mobten,
639 4662 795 4724 uercbantt
812 4657 908 4723 haben
922 4661 1140 4724 vnsersrehten
1158 4663 1273 4742 algena,
1288 4660 1365 4722 tirus
1374 4662 1468 4743 phrnt
