3192 5342
273 507 324 579 64

269 688 461 775 Burprawio
475 686 746 779 inNewcnbnrpa,
760 692 825 758 suis
837 690 957 757 dilectis
969 692 1102 776 graciam
1110 708 1192 755 suam
1206 694 1237 755 et
1249 709 1337 755 omne
1349 688 1459 754 bonum

271 796 392 860 Tenere
418 797 610 881 presencium
635 798 720 863 robis
744 801 862 865 seriose
888 801 1069 882 iniungimus
1098 806 1129 865 et
1151 799 1324 863 mandamus
1346 800 1470 884 precise

233 936 236 941 ⁴
269 925 305 968 ae
323 905 441 968 omniuo
458 906 611 981 uolentes,
635 915 780 993 quatenus
797 908 1030 975 Honorabilibus
1052 914 1083 973 et
1095 908 1257 992 Religiosis
1272 906 1346 970 uiris
1362 906 1470 971 Abbati

269 1034 305 1076 ac
319 1013 484 1077 conventui
502 1015 675 1080 Monasterii
691 1018 721 1081 in
733 1018 855 1085 Sancta
869 1018 969 1085 Creme
984 1017 1098 1082 ordinis
1111 1016 1333 1103 Cysterciensis
1350 1014 1470 1079 deuotis

269 1123 379 1188 nostris
395 1121 516 1187 dilectis
528 1145 599 1188 suos
616 1127 697 1191 sales
710 1127 875 1191 secundum
887 1128 936 1193 lus
950 1132 981 1191 et
993 1125 1243 1192 cousuetudinem
1260 1124 1305 1188 eis
1322 1123 1470 1188 hactenus

269 1228 460 1294 obseruatam
484 1230 599 1317 absque
623 1235 837 1319 impedimento
861 1234 995 1321 quolibet
1019 1234 1128 1299 deduci
1150 1233 1247 1297 libere
1274 1232 1468 1316 permittatis.

270 1338 376 1403 Datum
392 1340 420 1402 in
439 1340 559 1406 Greisa
581 1343 656 1407 feria
674 1343 785 1425 Quarta
808 1349 877 1427 post
899 1343 979 1408 diem
1002 1342 1083 1407 beati
1100 1341 1222 1408 Vrbani.
1253 1343 1337 1406 Auno
1354 1341 1469 1406 domini

268 1447 323 1510 Μθ.
340 1446 438 1513 (300⁰.
456 1449 611 1525 uicesimo,
627 1450 723 1534 Regni
739 1473 811 1517 vero
828 1454 922 1517 nostri
939 1473 1016 1517 anno
1032 1452 1133 1516 Serto.

340 1591 459 1664 Origine!
472 1594 519 1649 auf
528 1594 688 1665 Pergament
700 1596 748 1650 mit
761 1595 909 1652 ruckwtrta
923 1596 1150 1668 autgednicktem,
1164 1597 1247 1650 etwas
1264 1592 1467 1664 besebadigtem

266 1682 366 1757 Siegel.

816 1869 925 1949 LXX.

267 2009 348 2082 182⁰,
367 2010 413 2069 24.
426 2009 503 2083 uum,
522 2011 672 2072 bubniani.
688 2045 720 2054 —
734 2014 883 2075 Heinrich,
904 2014 968 2070 Otto
981 2013 1041 2069 und
1053 2013 1200 2074 Heinrich,
1213 2009 1409 2084 Psalsprcfen
1421 2007 1466 2061 bei

266 2102 360 2157 Rbein
380 2101 441 2157 oue
457 2104 587 2173 Hersepe
608 2121 662 2159 vora
680 2105 811 2167 Beier-n,
831 2105 985 2173 bertdtiyen
1007 2103 1059 2159 der
1070 2104 1153 2160 Abtci
1169 2102 1389 2173 Heilipcnbreua
1410 2097 1463 2152 das

265 2192 437 2263 vollmbndip
461 2192 597 2248 inaerirte
619 2193 808 2263 Privilepium
832 2196 909 2250 ibren
935 2195 1050 2259 Vetera,
1074 2195 1201 2264 Her-eope
1225 2194 1366 2263 Stepbmm
1394 2190 1463 2245 ddo.

300 2283 448 2338 Laudabat
462 2283 492 2339 6.
506 2285 658 2339 December
672 2284 771 2349 1306,
789 2287 822 2341 in
834 2286 950 2356 Betreff
958 2286 1011 2340 der
1022 2285 1205 2357 Zoltfreibeit
1216 2286 1268 2359 fair
1279 2284 1327 2339 ibr
1340 2283 1421 2338 Sale.

354 2412 415 2477 Nos
432 2416 619 2493 Heinricrm,
644 2416 716 2481 Otto
739 2421 769 2479 et
785 2416 955 2482 Heinrious
978 2416 1027 2479 dei
1048 2416 1151 2498 gracia
1176 2412 1309 2478 Comites
1333 2414 1457 2497 palatini

261 2524 365 2608 chp,
381 2523 483 2588 Duces
498 2525 649 2590 Bawarie
664 2524 856 2606 presentibus
873 2524 1062 2609 profitemur,
1091 2523 1171 2609 qnod
1189 2522 1342 2587 Genitoris
1361 2523 1457 2585 nostri

262 2629 412 2697 karissimi
434 2630 654 2697 recordationis
681 2631 786 2696 inclite
812 2632 917 2697 literas
946 2632 1046 2697 saluas
1074 2638 1106 2695 et
1131 2632 1162 2695 in
1185 2630 1265 2695 nubta
1294 2630 1339 2693 sui
1369 2634 1457 2713 parte

262 2739 386 2803 viciatus
421 2740 550 2805 uidimus
577 2761 632 2825 per
659 2741 757 2804 omnia
779 2741 812 2803 in
838 2741 897 2806 hec
921 2741 1024 2806 uerba.
1072 2740 1181 2827 (uolgo
1203 2739 1253 2803 die
1279 2739 1334 2802 aut
1351 2739 1384 2803 S.
1402 2740 1458 2810 21,

261 2846 313 2910 Nr.
338 2848 429 2913 xxiv
460 2847 666 2931 ubgeoruono
688 2847 830 2915 Urkunde
857 2849 994 2931 Herzogs
1022 2847 1173 2932 stephan,
1202 2847 1273 2913 ooo.
1302 2846 1463 2911 Landshnt

262 2956 293 3018 6.
316 2955 488 3021 December
511 2957 628 3045 1306.)
677 2956 741 3022 Nos
767 2978 840 3020 vero
868 2957 1095 3041 progenitorum
1119 2962 1290 3021 nostrorum
1318 2956 1461 3038 vestigiis

260 3062 434 3129 inherentes
453 3066 605 3148 predictas
621 3068 742 3149 gracias
758 3063 957 3150 approbamus
979 3068 1011 3129 et
1026 3064 1207 3131 ratificamus
1224 3084 1280 3149 per
1296 3070 1459 3149 presentes

263 3172 368 3235 dantes
381 3172 527 3238 Omnibus
540 3175 651 3239 nostris
667 3171 846 3239 officialibus
862 3174 891 3235 in
908 3173 1066 3245 mandatis,
1084 3177 1114 3235 vt
1130 3174 1329 3256 prescriptam
1342 3172 1459 3237 Salium

261 3277 431 3343 libertatem
447 3281 544 3345 libere
560 3283 692 3346 transire
704 3285 877 3366 permittant
893 3281 960 3345 sine
972 3283 1133 3346 exaccione
1150 3280 1309 3345 cuiuslibet
1323 3280 1459 3344 thelonei

262 3388 327 3451 siue
345 3387 437 3453 Mate.
477 3390 510 3453 ln
538 3411 661 3475 quorum
687 3391 816 3455 omnium
844 3389 969 3454 euidens
993 3390 1221 3454 instrumentum
1250 3393 1339 3474 atque
1363 3387 1460 3453 robur

261 3515 388 3577 presens
406 3498 633 3563 instrumentum
650 3499 694 3561 eis
711 3497 850 3562 dedimus
868 3498 1039 3581 Sigiitorum
1057 3503 1228 3563 nostrorum
1246 3496 1357 3561 robore
1374 3515 1461 3559 eom·

262 3604 414 3668 munitum.
463 3607 571 3671 Datum
588 3607 666 3690 apud
682 3606 841 3673 Lantsbnt
856 3625 932 3669 anno
950 3606 1061 3670 domini
1078 3606 1236 3670 Mitissimo
1253 3603 1360 3671 CCC¹'¹⁰
1374 3606 1461 3669 rice·

262 3711 347 3786 simo,
365 3713 397 3776 ln
413 3713 575 3779 Natiuitate
590 3714 671 3779 beati
687 3715 833 3780 iohannis
850 3715 995 3800 Baptiste.

334 3854 452 3926 Origine!
466 3857 513 3910 aut
523 3858 682 3928 Pergament
695 3858 741 3912 mit
754 3858 811 3912 drei
825 3858 940 3929 Siegeln.

793 4040 918 4117 LXXI.

259 4177 335 4249 1³2⁰,
347 4178 375 4237 4.
388 4178 453 4250 buli,
471 4178 632 4253 Prbaaburg.
648 4212 681 4220 -
695 4180 826 4236 Dietricb
846 4181 898 4237 der
910 4180 1058 4243 HrctetncIm
1076 4182 1276 4253 Burpprafzu
1289 4178 1461 4250 Preasbnrp,

257 4269 387 4341 bestbtipt
408 4269 461 4325 mr
491 4271 573 4325 Abter'
594 4270 812 4342 Hcib'pcnkrene
844 4273 890 4327 die
917 4272 975 4326 ibm
1004 4272 1145 4341 peleiatete
1168 4271 1299 4340 anlnnp
1318 4287 1373 4324 con
1395 4269 1461 4325 192

702 4360 804 4435 Peroe
819 4362 1006 4433 Psenninpen.

349 4487 401 4553 lob
423 4487 566 4554 Dittriob
582 4490 743 4562 Huetstolr,
773 4511 830 4554 zen
859 4493 958 4554 seiten
985 4491 1194 4577 Pnrcbprcoe
1218 4512 1254 4553 ze
1270 4490 1462 4563 Presbuscb,

261 4604 310 4663 tvu
327 4597 421 4660 chnut
437 4597 514 4660 allen
533 4598 606 4670 den,
635 4596 666 4660 di
688 4598 774 4662 diseo
792 4600 875 4682 priei
892 4600 990 4664 lesent
1012 4599 1069 4663 und
1096 4599 1205 4662 tuor-ent
1230 4601 1332 4676 lesen,
1362 4599 1392 4662 di
1424 4622 1463 4662 nv

260 4704 365 4771 lebent
387 4704 445 4769 vnd
470 4706 526 4771 her
546 4705 624 4769 nach
641 4706 794 4771 chunstieh
812 4707 966 4781 werdent,
998 4708 1052 4772 daz
1082 4709 1136 4773 der
1161 4729 1257 4773 ersam
1274 4708 1368 4772 berre
1385 4708 1469 4792 nupt
