3192 5342
796 771 984 854 CCCXIII.

283 936 359 1009 1³⁰4.
378 935 404 996 0.
423 933 549 994 dolorm.
570 966 603 975 —
624 935 732 991 Revera
750 935 799 990 deo
816 937 958 993 Priatcrs
976 936 1069 991 Joloo
1086 953 1142 992 uon
1153 936 1251 991 Bruclr
1266 936 1326 1009 nos
1338 935 1384 992 dis
1396 936 1472 993 Altci

319 1027 539 1098 Hedipenlreua
551 1025 751 1083 mommolino
763 1025 816 1082 der
828 1028 886 1082 ilem
899 1027 1076 1083 verlictcnen
1088 1028 1282 1102 Stiflspfurre
1294 1046 1330 1083 aa
1340 1028 1438 1085 Alcsd
1572 1102 1573 1105 Ἴ

375 1193 440 1276 Ego
456 1193 596 1263 lorsam
610 1190 772 1276 presbyter
787 1191 828 1256 do
843 1193 972 1259 Paukkn
987 1191 1109 1277 publico
1131 1191 1275 1278 profiteor
1296 1198 1327 1256 et
1348 1212 1473 1277 presen-

285 1300 363 1364 cium
378 1305 485 1366 tenore
500 1318 700 1382 recognosco,
717 1300 797 1385 quod
816 1321 875 1384 ogo
888 1303 986 1365 enlmo
999 1300 1076 1366 liene
1087 1300 1254 1365 deliberato
1270 1299 1471 1365 alleuerendo

286 1413 373 1494 patre
401 1414 431 1473 et
457 1407 576 1471 domino
604 1408 725 1477 conano
753 1408 945 1474 Cdolomnno
974 1413 1099 1493 totoque
1126 1414 1275 1474 conuentu
1302 1408 1472 1472 lionasterii

291 1517 412 1585 Sancte
430 1516 551 1587 Cerceis,
568 1515 689 1580 Ordinis
706 1514 939 1599 Cystercieusis,
953 1516 1141 1581 Pataniensis
1149 1516 1289 1600 dyocesis
1313 1516 1473 1581 Ecclesiam

289 1624 493 1711 parochialem
510 1625 615 1688 Sancti
629 1624 731 1688 Georii
747 1624 878 1691 mortIrIs
894 1626 925 1686 in
943 1624 1068 1697 Oluclrt.
1085 1625 1162 1711 ipsis
1179 1627 1323 1690 canonice
1339 1626 1474 1708 incorpo·
1572 1662 1573 1665 =

286 1739 382 1799 ratam
399 1735 429 1797 in
445 1752 561 1796 omnem
579 1732 724 1797 Enentnm
740 1752 796 1817 pro
813 1736 950 1816 tempore
965 1735 1027 1797 rite
1042 1753 1110 1797 mee
1126 1733 1227 1797 toliter
1241 1734 1382 1811 conueni‚
1398 1732 1472 1817 qnod
1572 1776 1573 1781 κ

287 1862 346 1927 ego
361 1841 504 1907 videlicet
519 1859 586 1904 cum
600 1840 716 1904 duobus
733 1839 859 1926 ydoneis
876 1841 1067 1927 preshyteris
1084 1843 1114 1905 in
1131 1841 1204 1907 dote
1219 1841 1356 1906 ciusdem
1373 1841 1471 1906 eccle·
1572 1878 1573 1905 l

286 1954 333 2016 sis
349 1951 386 2016 ad
403 1955 580 2014 consuetum
601 1947 715 2012 ibidem
738 1949 848 2013 cultum
866 1948 996 2013 diuinum
1019 1970 1076 2034 per
1097 1970 1152 2015 ros
1174 1948 1363 2014 laudabiliter
1385 1949 1473 2034 perli-
1572 1974 1573 2011 ;

286 2059 425 2124 ciendum
440 2076 562 2140 semper
577 2056 676 2121 debeo
691 2057 840 2131 residere,
858 2056 1018 2143 dotemque
1035 2057 1161 2122 eandem
1178 2078 1233 2141 pro
1257 2077 1309 2121 sua
1333 2076 1472 2121 necessa·

286 2167 332 2230 ria
345 2165 547 2250 oportunitate
562 2165 638 2228 meis
653 2165 785 2248 propriis
800 2164 972 2249 sumptibus
988 2163 1116 2229 fideliter
1130 2172 1304 2230 restaurare
1319 2166 1431 2249 pariter
1446 2168 1476 2227 et
1572 2160 1573 2245 ᾗ

286 2276 472 2347 instaurare3
498 2273 678 2360 Eisdemque
696 2274 827 2340 dominis
846 2278 996 2340 annuatim
1017 2274 1123 2357 viginti
1151 2275 1262 2338 talenta
1286 2274 1472 2341 donariorum
1572 2252 1573 2301 ἢ

287 2383 482 2450 Wiennensis
498 2388 617 2447 monete
633 2389 762 2466 quatuor
777 2384 927 2457 terminis,
943 2383 976 2447 id
992 2391 1039 2447 est
1054 2383 1183 2465 singulis
1207 2387 1335 2467 quatuor
1359 2388 1471 2466 tempo·
1572 2404 1573 2423 ³

284 2492 370 2557 cibum
386 2491 519 2576 quinque
534 2490 659 2563 talenta,
676 2491 721 2555 lle
738 2489 875 2556 omnibus
892 2490 1016 2556 Colonis
1033 2496 1065 2555 et
1079 2489 1277 2576 presentibus
1300 2492 1398 2576 ipsius
1419 2491 1473 2553 ianr
1572 2520 1573 2555 o

285 2598 516 2671 dicteocelesie‚
534 2618 591 2662 non
609 2598 908 2683 obstantibusquibus
925 2618 1050 2684 cumque
1057 2597 1240 2684 specialibus
1249 2597 1476 2683 Iipiscopalilouu
1572 2612 1573 2643 ἐ

286 2712 317 2772 et
333 2706 497 2771 bucalibus
513 2704 639 2778 iuribus.
656 2707 775 2771 stewris
792 2711 824 2771 et
841 2705 999 2779 Emendis,
1021 2707 1089 2770 siue
1105 2708 1194 2770 etium
1216 2704 1284 2770 aliis
1307 2705 1474 2771 delentibus
1572 2710 1573 2791 l

286 2834 474 2902 quocumque
491 2815 609 2878 nomine
626 2814 716 2879 dictis
732 2813 779 2878 rel
796 2816 928 2887 vocatis,
950 2813 1074 2878 indilato
1097 2813 1256 2897 porrigere
1277 2814 1345 2878 siue
1368 2814 1474 2877 amini·

289 2929 387 2988 strare
402 2922 444 2987 ita
459 2925 570 2993 tamen,
587 2922 666 3010 quod
683 2923 742 3008 ipsi
757 2923 815 2987 iam
832 2923 906 2988 dicti
922 2922 1033 2988 domini
1050 2941 1154 2985 omnes
1171 2920 1295 2986 colonos
1319 2923 1351 2985 in
1368 2922 1473 3009 ΡΜ-

288 3038 404 3097 deden
420 3036 451 3094 et
467 3029 753 3102 Mclmoehieolim
765 3031 1016 3096 etiamaddictam
1033 3030 1202 3094 Ecclesium
1218 3036 1406 3114 spectantes.
1423 3048 1473 3093 suo

290 3142 319 3203 in
335 3144 486 3223 potestate
503 3138 591 3223 pleno
607 3140 673 3204 iure
688 3137 801 3203 dehent
816 3138 1038 3203 nichillominns
1053 3145 1159 3203 tenere
1175 3143 1264 3224 atque
1280 3157 1424 3209 seruare,
1445 3141 1474 3200 et
1572 3132 1573 3225 l

289 3267 413 3313 censum
429 3247 562 3318 seruIcii.
578 3267 666 3332 quem
681 3245 719 3310 alr
734 3247 811 3330 ipsis
832 3246 965 3331 quolibet
980 3267 1056 3311 anno
1074 3250 1215 3329 poterunt
1235 3245 1367 3318 habere,
1389 3242 1475 3310 micloi

289 3356 320 3419 in
335 3355 423 3420 dIctis
434 3352 488 3419 1r¹⁵
509 3355 633 3420 talentis
651 3356 840 3419 denariorum
857 3355 963 3439 quouis
978 3355 1340 3420 contradictionesemota
1348 3352 1479 3419 totaliter

289 3462 443 3529 deducere
459 3466 526 3527 siun
543 3462 705 3527 defalcare.
739 3462 866 3527 Ceteros
882 3462 1005 3528 colonos
1022 3483 1089 3528 cum
1106 3462 1242 3527 omnibus
1263 3461 1332 3525 aliis
1346 3481 1475 3546 prouen·

286 3571 366 3636 tibus
374 3570 530 3654 sepedicto
547 3570 679 3637 ecclesie
694 3570 792 3657 quoad
810 3571 1170 3637 consuetatontummodo
1178 3571 1310 3635 seruicia
1320 3577 1352 3634 et
1361 3568 1474 3634 discra·
1572 3592 1573 3625 1

288 3685 335 3744 tas
352 3687 384 3744 et
400 3698 458 3742 non
474 3680 571 3742 minus
588 3681 801 3762 aggrauatiuas
822 3680 967 3745 emendas
988 3699 1036 3744 me
1052 3699 1108 3764 pro
1128 3679 1234 3744 usibus
1257 3679 1333 3742 meis
1355 3681 1474 3743 tenente

288 3788 366 3851 omni
390 3791 541 3871 potestate
567 3787 691 3852 eosdem
713 3787 838 3853 colonos
866 3786 1078 3852 exachonandi
1099 3786 1192 3851 miclri
1219 3788 1340 3871 penItns
1365 3783 1474 3857 ablatm

287 3896 345 3959 nisi
358 3894 388 3959 in
401 3915 484 3969 casu,
497 3900 558 3959 tum
572 3894 709 3959 dominus
725 3914 802 3980 papa
818 3900 869 3960 aut
885 3897 1049 3979 episcopus
1065 3893 1190 3959 autllux
1202 3914 1250 3957 mo
1266 3899 1327 3958 tam
1345 3893 1475 3975 grauiter

286 4024 322 4067 ex
339 4011 425 4087 parte
440 4003 537 4086 ipsius
553 4003 683 4068 ecclesie
699 4003 859 4085 sepedicto
880 4006 1128 4075 exauctorarent,
1150 4000 1231 4086 qnod
1253 4002 1292 4067 ob
1314 4002 1373 4065 hoc
1388 4001 1473 4064 iidem

282 4112 341 4177 iam
368 4111 442 4176 dicti
470 4111 580 4176 domini
607 4112 655 4195 pia
683 4133 720 4176 er
747 4111 997 4177 consideracione
1025 4111 1093 4175 siue
1120 4111 1329 4194 compassione
1344 4110 1473 4192 ipsorum

283 4220 378 4284 michi
394 4218 528 4303 benigne
544 4219 683 4283 Iouerent
699 4219 765 4283 siue
781 4220 990 4303 indulgerent.
1015 4223 1047 4281 vt
1069 4219 1159 4282 etiam
1181 4219 1261 4282 iuxta
1289 4217 1473 4282 moderamen
1572 4232 1573 4285 i

285 4348 387 4393 eorum
395 4328 536 4393 duntaxat
547 4327 604 4391 iam
614 4326 712 4392 dictos
729 4347 812 4391 meos
825 4327 951 4393 colonos
963 4326 1133 4411 aliqualiter
1150 4326 1392 4392 exaccionnrent
1405 4325 1474 4388 Item

284 4438 310 4501 si
327 4455 385 4519 ego
401 4437 550 4501 antelatus
567 4437 727 4519 presbyler
741 4437 880 4503 Incolae
895 4439 1000 4501 cluens
1016 4437 1063 4500 rel
1079 4436 1211 4499 moriens
1224 4440 1364 4518 tempore
1376 4433 1473 4498 cuins·
1572 4444 1573 4491 l

283 4563 411 4627 cumque
446 4545 515 4607 anni
545 4543 695 4608 monalium
728 4543 810 4608 bladi
846 4550 877 4608 et
905 4545 966 4606 vini
995 4544 1099 4627 elapso
1128 4544 1204 4607 intra
1238 4548 1310 4606 tunc
1343 4541 1473 4625 proxime

283 4671 414 4736 sequens
441 4652 551 4715 testum
581 4651 685 4716 Sancti
708 4653 813 4718 Georii
841 4652 993 4738 reliquero
1023 4652 1090 4714 siue
1120 4651 1285 4716 deseruero
1317 4650 1473 4715 ecclesiam
1572 4680 1573 4709 r
