3192 5342
694 1534 721 1611 l.

117 1674 295 1736 litt-mo.
317 1677 406 1751 Peprt
421 1677 531 1747 (ἕτερον
543 1677 598 1747 (Χ.
608 1678 640 1748 i)
658 1678 761 1733 sinent
783 1675 837 1731 dns
854 1674 1084 1732 Nosmenltlorter
1104 1677 1149 1732 st.
1172 1674 1308 1734 bdroloss

118 1783 156 1824 stt
179 1768 264 1824 Wiers
282 1769 314 1825 in
342 1769 440 1826 tritten
467 1768 637 1825 manasen
656 1769 766 1825 Scissis
791 1766 852 1823 ttttd
878 1766 998 1823 amotos
1020 1766 1176 1824 &melden
1192 1769 1306 1840 geroisae

528 1859 633 1917 Recito
649 1859 709 1916 aad
726 1858 898 1916 Frriteiten.

209 1972 384 2061 Gregorius
405 1972 567 2059 episcopus
594 1993 703 2040 seruus
729 1960 886 2038 seruorum
908 1971 980 2045 Dei,
997 1972 1125 2038 Dilectis
1141 1972 1171 2036 in
1189 1972 1304 2039 cbristo

122 2080 249 2155 filiabus,
264 2081 418 2148 abbatisse
439 2083 613 2148 monasterii
635 2083 739 2148 Sancti
762 2080 900 2147 Nieholai
921 2081 1051 2159 Vernae,
1074 2084 1200 2168 eiusque
1216 2101 1306 2147 sero·

116 2189 200 2255 ribus
216 2196 277 2254 tarn
293 2189 486 2276 presentibus
502 2210 590 2277 quam
606 2191 714 2256 laturis
729 2189 901 2275 regularem
917 2191 1008 2255 uitam
1024 2191 1173 2276 protessis
1188 2191 1219 2254 in
1231 2210 1305 2276 per·

117 2304 251 2384 potuum.
279 2299 461 2384 Religiosam
477 2301 568 2364 uitam
594 2298 776 2382 eligentibus
806 2299 1002 2385 apostolicum
1030 2297 1171 2365 conuenit
1198 2298 1307 2363 adesse

116 2409 296 2495 presidium,
322 2430 359 2473 ne
374 2410 453 2474 forte
468 2408 630 2476 cuiuslibet
644 2409 824 2474 temeritatis
840 2409 998 2483 incursus,
1023 2415 1073 2474 aot
1089 2428 1143 2474 eos
1159 2428 1175 2474 a
1192 2428 1306 2494 propo·

117 2521 174 2584 sito
189 2526 327 2594 reuocet,
343 2525 395 2585 sut
409 2518 513 2594 robur,
530 2519 610 2605 quod
627 2519 715 2595 absit,
732 2539 821 2583 sacre
831 2518 987 2603 religionis
1000 2519 1153 2603 infringat.
1171 2518 1307 2604 liaprop·

117 2632 164 2694 ter
189 2628 303 2694 dilecte
330 2628 359 2693 in
383 2629 502 2693 domino
530 2628 594 2694 tilie
621 2629 733 2694 uesmis
756 2628 844 2693 iustis
865 2627 1118 2714 postulationibus
1141 2627 1306 2693 clementer

118 2738 273 2802 annuimus
289 2742 322 2801 et
337 2737 487 2822 prelatum
502 2738 716 2803 monasterium
734 2735 840 2802 Sancti
855 2736 980 2821 Nyeolai
1001 2737 1182 2811 V'sennerose
1198 2737 1228 2801 in
1245 2755 1304 2823 quo

116 2846 216 2912 diuino
235 2847 311 2912 estis
328 2845 476 2932 obsequio
494 2847 662 2931 mancipate
677 2847 733 2915 sub
749 2846 830 2912 boati
847 2846 929 2913 Petri
951 2851 982 2911 et
997 2852 1099 2913 nosue
1115 2847 1305 2932 protectione

118 2956 297 3041 suscipimus
326 2962 357 3020 et
384 2957 536 3039 presentis
565 2958 672 3042 scripti
699 2954 860 3042 priuilegio
884 2959 1109 3023 communimus.
1144 2956 1305 3042 Inprimis

117 3066 264 3152 siquidem
281 3071 460 3144 statuentes,
476 3074 510 3133 ut
525 3066 599 3133 ordo
615 3068 808 3145 monasticos,
826 3067 877 3154 qui
890 3066 1053 3133 secundnm
1066 3067 1162 3132 Deum
1177 3071 1209 3132 et
1224 3064 1307 3131 beati

118 3174 271 3240 Benedicti
285 3175 418 3258 regulam
432 3181 521 3262 atque
534 3177 747 3242 institutionem
760 3175 992 3243 cisterciensem
1009 3177 1134 3242 fratrum
1150 3177 1181 3239 in
1198 3175 1305 3240 eodem

118 3286 295 3349 monasterio
322 3285 475 3351 institutus
502 3306 573 3350 esse
599 3285 776 3359 dinoscitur,
804 3285 959 3371 perpetuis
980 3284 1092 3350 ibidem
1117 3284 1304 3371 temporibus

117 3390 330 3456 inuiolabiliter
356 3392 546 3461 obseruator.
571 3392 715 3458 Preterea
740 3411 944 3479 quascumque
971 3395 1199 3477 possessiones,
1227 3412 1305 3478 que·

118 3520 243 3588 cumque
267 3502 345 3567 bona
367 3503 446 3568 idem
471 3502 688 3568 blonasterium
711 3504 790 3568 iuste
818 3503 1070 3589 inpresentiarum
1099 3523 1135 3567 ae
1158 3502 1305 3568 canonice

118 3611 260 3694 possidet,
277 3616 329 3676 aut
344 3612 375 3676 in
391 3612 521 3677 loturum
537 3613 736 3679 concessione
752 3611 937 3697 pontificum,
952 3612 1113 3697 largitione
1124 3612 1237 3696 Regum
1253 3610 1304 3675 uel

117 3719 292 3804 principum.
309 3718 461 3786 oblatione
476 3720 620 3793 bdelium.
637 3742 691 3786 seu
707 3721 773 3786 aliis
789 3723 876 3786 iustis
893 3722 990 3786 modis
1006 3727 1161 3807 prestante
1184 3720 1303 3784 domino

117 3830 226 3911 poterit
242 3828 383 3914 adipisci,
401 3828 485 3894 lirina
502 3830 589 3896 uobis
606 3837 637 3896 st
653 3831 709 3905 eis,
727 3850 785 3916 que
801 3831 888 3897 uobis
904 3832 1120 3904 successerint,
1144 3836 1174 3895 et
1190 3827 1303 3894 illibata

118 3942 320 4023 permaneam.
345 3937 507 4025 inquibus
530 3939 588 4006 bec
609 3940 739 4027 propriis
760 3940 896 4006 duximus
918 3940 1108 4025 exprimenda
1137 3938 1302 4005 uocabulis.

118 4043 227 4113 bocum
243 4048 354 4132 ipsum,
371 4048 401 4112 in
417 4069 478 4135 quo
494 4050 643 4135 prelatum
654 4049 868 4116 ldonasterium
885 4051 974 4115 situm
988 4054 1051 4122 est,
1069 4069 1136 4114 cum
1155 4049 1302 4133 grangiis,

118 4156 367 4240 possessionibus.
383 4159 490 4242 pratis,
506 4159 612 4231 vineis,
628 4160 730 4232 terris,
748 4158 933 4232 nemoribus,
948 4159 1100 4241 usuagiis,
1117 4158 1146 4221 in
1163 4156 1256 4223 bosco
1272 4163 1304 4221 et

117 4265 213 4349 plano,
228 4266 259 4330 in
277 4266 363 4352 aquis
380 4271 411 4331 et
426 4267 607 4341 molendino,
624 4270 654 4333 in
672 4316 837 4338 .......
855 4274 886 4333 et
905 4268 1021 4334 semitis
1037 4272 1068 4332 et
1084 4265 1221 4332 omnibus
1238 4267 1304 4331 aliis

116 4373 300 4441 libertatibus
317 4382 348 4441 et
363 4376 598 4442 immunitatibus
614 4380 687 4443 suis.
715 4378 796 4445 Sane
819 4378 954 4444 laborum
979 4382 1147 4442 uestrorum
1168 4376 1207 4441 de
1229 4397 1303 4461 pos·

117 4484 302 4550 sessionibus
319 4489 389 4550 ante
405 4485 566 4551 concilium
580 4486 726 4569 generale
748 4507 784 4552 ac
801 4487 889 4553 etiam
906 4485 1071 4559 noualinm,
1094 4506 1153 4571 qus
1168 4487 1302 4571 propriis

116 4592 247 4658 mnibus
264 4598 317 4658 aut
333 4613 368 4657 su
387 4642 395 4657 .
412 4643 420 4658 .
439 4643 469 4660 ..
487 4595 596 4669 colitis.
613 4597 680 4661 siue
696 4595 735 4660 de
751 4596 827 4660 ortis
844 4601 876 4660 et
891 4595 1032 4679 uirgultis
1044 4602 1076 4661 et
1087 4593 1303 4679 piscationibus

118 4743 124 4757 ·
141 4748 148 4762 .
166 4750 173 4764 .
191 4753 198 4768 .
216 4703 265 4768 uel
282 4703 321 4769 ds
333 4704 522 4769 nutrimentis
538 4704 706 4769 animalium
727 4710 904 4778 uestrorum,
920 4705 1017 4769 nullus
1034 4726 1050 4768 a
1067 4705 1153 4770 uobis
1169 4702 1302 4770 decimas

175 4822 268 4868 rosus.
285 4821 354 4868 nass.
371 4824 400 4868 u.
416 4823 456 4868 aa.
475 4823 533 4867 xm.
1049 4830 1085 4883 26
