3192 5342
304 443 354 516 32

301 617 664 708 plebanusdeSoprunio
677 620 773 685 sotius
785 626 816 686 et
830 619 1048 685 oaucanonicus
1062 626 1164 684 noster
1180 621 1317 687 similiter
1334 643 1389 706 pro
1405 643 1440 688 se
1455 628 1490 688 et

300 750 356 815 pro
371 730 519 796 Jolsunna
541 751 576 794 ac
597 730 708 796 snare
734 730 875 813 trabibus
897 730 979 803 suis,
1002 729 1072 794 filiis
1093 728 1237 796 uidelicet
1257 733 1425 799 Bmedicti
1446 733 1488 798 de

301 838 406 903 eadem
423 838 602 921 cognatione
617 839 774 925 Rapoltb,
802 859 838 903 ex
863 837 958 902 altera
979 839 1016 903 ad
1033 844 1166 903 nostram
1181 841 1365 923 presentiam
1381 860 1489 905 acces·

300 942 415 1019 serunt,
437 954 469 1012 et
483 946 618 1031 prelatus
634 946 819 1034 Stephanus
834 948 999 1031 portionem
1016 967 1099 1011 suam
1114 952 1217 1020 totam,
1234 967 1322 1033 quam
1338 946 1441 1012 babuit
1456 948 1488 1011 in

299 1054 493 1137 possessione
508 1054 671 1121 Pccblcnd
692 1060 799 1119 uocata
823 1073 889 1118 cum
914 1054 1051 1120 omnibus
1075 1055 1253 1121 utilitatibus
1279 1065 1311 1121 et
1326 1057 1487 1140 pertinen-

300 1162 355 1228 ciis
372 1162 517 1246 portionis
546 1160 682 1227 eiusdem
704 1161 816 1227 nullam
837 1164 1013 1247 particulam
1036 1164 1096 1229 sibi
1117 1164 1148 1229 in
1169 1163 1276 1229 eadem
1299 1166 1488 1231 reseruando

298 1272 386 1336 simul
403 1291 469 1336 cum
485 1275 590 1356 quarta
613 1272 752 1357 predicte
767 1271 888 1336 domine
901 1271 1074 1359 Elysobetlo
1089 1274 1203 1337 sororis
1220 1294 1290 1351 sue,
1314 1295 1402 1360 quam
1418 1275 1489 1359 ipsa

298 1380 488 1445 dominaiure
500 1379 627 1444 naturali
638 1381 799 1465 percipere
810 1378 941 1446 debebat
952 1382 982 1445 in
995 1381 1098 1445 eadem
1109 1382 1258 1465 portione,
1272 1382 1365 1457 dedit,
1376 1381 1490 1447 tendi·

295 1489 341 1555 dii
349 1496 379 1556 et
385 1490 508 1555 tradidit
516 1490 641 1576 prelatis
651 1492 803 1580 Grepors‘o
818 1491 946 1577 plebano
956 1513 991 1556 ae
1003 1491 1147 1557 Jolscnni
1157 1493 1326 1558 etlilndree
1339 1491 1487 1556 iratribus

297 1602 447 1673 eiusdem,
473 1601 662 1684 cognatiset
686 1603 828 1687 proximis
851 1602 934 1676 suis,
962 1622 1016 1685 pro
1040 1602 1146 1684 viginti
1167 1603 1277 1667 marcis
1293 1601 1488 1668 denariorum

297 1731 352 1795 per
377 1709 508 1775 heredes
531 1710 736 1797 heredumque
763 1731 865 1775 eorum
889 1731 1086 1775 successores
1112 1721 1277 1795 perpetuo,
1304 1711 1431 1796 pacifice
1456 1718 1490 1777 et

297 1819 399 1906 quieto
427 1818 648 1903 possidendam.
685 1819 900 1905 Quamquidem
922 1819 1080 1905 pecuniam
1105 1819 1205 1884 dietus
1220 1820 1404 1909 Stephanae
1425 1828 1489 1886 tam

296 1949 352 2014 pro
377 1949 429 2003 so,
445 1948 534 2013 quam
556 1948 611 2011 pro
627 1928 744 2011 prelata
772 1929 890 1993 domina
915 1948 1020 1993 sorore
1041 1950 1094 1993 sua
1108 1929 1245 2014 plenarie
1261 1932 1419 1996 confessus
1437 1938 1489 1994 est

297 2039 452 2123 recepisse
467 2036 505 2101 ab
521 2037 646 2103 eisdem.
677 2038 741 2102 lloc
757 2043 909 2122 assumpto
922 2044 953 2102 et
968 2038 1143 2121 specialiter
1159 2038 1323 2114 declarato,
1345 2039 1436 2125 quod,
1460 2041 1489 2103 si

296 2167 387 2232 supra
415 2145 497 2210 dicta
521 2145 636 2212 domina
658 2146 834 2233 Elysobctb
860 2166 946 2211 soror
969 2166 1023 2211 sua
1044 2149 1160 2212 ratione
1175 2152 1280 2233 quarte
1296 2168 1366 2222 sue,
1395 2169 1486 2232 quam

298 2256 403 2321 babuit
419 2258 449 2320 in
466 2254 546 2320 dicta
563 2255 716 2339 portione,
734 2256 763 2318 in
786 2263 940 2340 postorum
956 2275 1079 2321 mouere
1094 2258 1283 2343 questionem
1300 2255 1485 2331 intenderet,

295 2365 467 2450 sepedictus
483 2362 668 2452 Stephanae
688 2364 812 2428 eosdem
841 2365 1027 2453 Greqoriam
1054 2365 1215 2450 plebanum
1238 2371 1270 2431 et
1284 2367 1395 2430 fratres
1411 2386 1486 2431 suos

295 2472 476 2539 coheredes
500 2492 602 2538 corum
624 2472 775 2538 tenebitur
792 2474 936 2559 expedire
952 2476 1083 2560 propriis
1104 2474 1257 2541 laboribus
1282 2482 1314 2539 et
1330 2476 1485 2560 expensis,

296 2602 362 2646 cum
379 2583 476 2647 eidem
493 2582 611 2647 domiue
627 2583 724 2647 sorori
739 2603 793 2647 sue
810 2604 845 2647 se
861 2604 915 2669 pro
931 2587 1037 2669 quarta
1052 2603 1105 2648 sua
1122 2583 1310 2649 satisfecisse
1328 2585 1439 2649 dixerit
1454 2585 1487 2647 in

294 2694 421 2777 pecunia
437 2696 602 2776 prenotata.
648 2693 679 2755 ln
697 2693 782 2755 ouius
807 2692 854 2756 rei
877 2693 1051 2757 memoriam
1074 2697 1105 2756 et
1119 2698 1295 2780 perpetuam
1311 2692 1483 2757 firmitatem

291 2806 450 2886 presentes
475 2799 678 2865 concessimus
706 2800 822 2865 litteras
853 2806 956 2865 nostro
983 2800 1084 2882 sigillo
1113 2802 1279 2866 roboratas.
1319 2802 1427 2866 Datum
1451 2801 1480 2864 in

292 2911 406 2974 octauis
422 2912 616 2994 pentecostes
640 2930 716 2973 auno
742 2908 851 2974 domiui
868 2909 922 2974 llo.
940 2907 1030 2975 CCC⁰
1045 2909 1161 2975 decimo
1180 2912 1284 2995 primo.
1324 2910 1482 2993 Magistris

290 3020 441 3085 dedicios
466 3018 632 3102 preposito,
655 3018 785 3086 Andrea
805 3016 921 3084 lectore
951 3027 982 3084 et
1009 3018 1174 3108 Stephano
1190 3019 1321 3085 Custode
1349 3018 1485 3084 ecclesie

291 3132 393 3193 nostre
409 3125 614 3191 existentibus.

362 3269 481 3342 Origine!
494 3270 543 3324 aul
551 3270 709 3342 Pergameno
720 3270 768 3325 mit
780 3269 879 3342 Siegel.

797 3452 957 3533 XXXVI.

287 3597 352 3669 1111,
364 3596 403 3657 11.
417 3595 484 3656 lull.
496 3627 533 3639 -
544 3594 668 3652 Konrod
679 3595 732 3653 der
743 3597 897 3653 Anima
908 3614 946 3651 au
957 3596 1096 3654 Hmclsrls
1107 3596 1169 3652 and
1179 3594 1285 3652 Alioid
1293 3595 1371 3652 raiae
1382 3596 1482 3652 uana-

285 3690 359 3762 p'ross
379 3688 546 3744 cormarico
565 3686 622 3760 cof
635 3688 716 3745 ilorcr
728 3687 827 3744 beiden·
853 3687 972 3762 Todfcll
991 3687 1043 3745 dsr
1062 3688 1141 3744 notet
1157 3687 1376 3759 neopum
1397 3687 1484 3743 taren

739 3781 805 3854 uos
810 3796 849 3835 aa
860 3777 1023 3835 Issedones.

375 3908 428 3974 lob
456 3906 606 3976 denrod
625 3927 738 3973 amman
764 3928 800 3972 ae
820 3908 983 3973 Hosclocb
1003 3908 1060 3974 und
1083 3906 1133 3972 ich
1148 3907 1260 3973 Allicit
1280 3907 1347 3971 sein
1374 3907 1479 3972 llous·

286 4038 388 4085 moue
403 4019 458 4082 wir
474 4017 618 4082 ueriehen
634 4018 693 4083 rud
713 4022 766 4082 tun
783 4016 876 4080 abunt
891 4014 969 4080 allen
986 4015 1060 4089 deu,
1084 4016 1114 4081 di
1130 4015 1217 4080 diseo
1233 4015 1316 4080 briei
1328 4016 1477 4080 ausebeut

285 4128 360 4192 oder
375 4126 502 4191 beorent
517 4126 612 4199 lesen,
630 4125 660 4190 di
676 4145 715 4189 nu
731 4123 835 4191 labent
851 4124 907 4189 und
925 4124 1058 4189 bernach
1076 4123 1241 4189 cbumfticb
1257 4126 1329 4197 siut,
1346 4124 1402 4188 daz
1420 4125 1476 4188 mit

283 4237 447 4301 seraintem
471 4232 572 4298 millen
591 4234 649 4298 wir
663 4231 765 4299 baidiv
780 4233 840 4300 rud
855 4235 908 4298 mil
922 4238 1095 4318 gesampter
1112 4233 1183 4297 bant
1198 4234 1252 4298 mit
1268 4254 1356 4298 inser
1373 4231 1476 4297 Erbeu

285 4345 403 4419 willan,
427 4365 463 4409 re
479 4343 534 4408 der
549 4344 598 4417 rit,
618 4342 656 4407 do
672 4343 726 4408 uir
742 4363 778 4407 ez
799 4345 857 4408 uol
873 4349 966 4426 gelus
983 4341 1121 4414 mobten,
1149 4340 1208 4405 den
1223 4341 1285 4408 llof
1302 4363 1339 4406 ze
1353 4344 1472 4409 Hassi-

283 4454 355 4531 ocb,
383 4454 438 4519 des
459 4455 509 4518 ein
525 4452 631 4517 balbas
647 4452 734 4517 leben
750 4452 801 4524 ist,
824 4453 880 4516 mit
895 4451 971 4516 allen
989 4449 1076 4524 dem,
1103 4448 1159 4514 daz
1182 4450 1273 4516 daran
1288 4453 1420 4535 geheort
1436 4472 1472 4516 ze

283 4563 378 4627 dorlie
390 4562 448 4628 und
464 4583 501 4627 ze
516 4563 604 4628 uelde
616 4561 745 4627 besuebt
760 4560 818 4626 md
836 4560 1013 4633 snbesueht,
1037 4560 1092 4625 der
1106 4579 1197 4625 unser
1212 4560 1281 4625 rebt
1304 4559 1474 4625 Purcbrebt

281 4674 323 4737 ist
348 4691 494 4756 gewesen
517 4689 575 4736 ron
606 4670 675 4736 dem
697 4669 837 4736 Cbloster
859 4690 895 4734 ze
911 4669 980 4735 dem
996 4671 1144 4760 Haib'pen
1160 4669 1304 4746 olene,
1330 4669 1385 4734 daz
1402 4669 1469 4735 selb
