3192 5342
255 481 329 554 150

247 666 433 743 perpetuum.
458 658 639 741 Quamquam
654 656 871 722 Eeelesiastiea
882 656 948 719 toea
958 674 1165 741 personaque
1176 654 1346 738 lteligiosas
1357 674 1434 738 pro·

248 768 394 830 moeionis
403 763 556 848 generalis
568 764 677 846 iugiter
690 765 825 828 zelemur
835 763 955 835 adeptu.
973 763 1087 827 ceteris
1098 768 1196 826 umen
1210 761 1434 846 precelleneios

246 873 409 958 singularis
424 874 529 957 graeie
545 878 649 937 nostre
664 876 696 936 et
711 872 854 937 continue
878 871 999 954 pietatis
1015 869 1163 934 Eeolesiis
1184 870 1245 934 illis
1261 871 1436 935 lrnetuosus

248 983 376 1048 debetur
403 982 550 1053 effeetus,
577 1001 652 1064 ques
667 980 827 1046 illustrium
848 980 1099 1065 predecessorum
1125 984 1288 1049 nodorum.
1317 979 1434 1042 Ducum

248 1094 366 1156 Austrie
381 1090 518 1155 lundonii
533 1090 570 1154 od
587 1089 714 1171 glorium
730 1095 762 1154 el
782 1087 902 1154 leudem
917 1088 967 1153 dei
982 1088 1154 1172 benignitus
1175 1094 1208 1153 et
1231 1088 1349 1153 domtus
1371 1107 1435 1150 ma·

246 1200 357 1284 gniliee
380 1199 570 1264 comendanit
585 1198 729 1263 colendos
745 1198 854 1263 studiis
869 1206 900 1263 et
922 1197 1075 1263 fenoribus
1102 1218 1323 1269 suceessorum.
1357 1195 1435 1259 Hine

247 1311 339 1394 igitur
366 1316 429 1383 est,
451 1308 547 1395 quod,
572 1328 639 1373 eum
654 1308 788 1373 Disereti
804 1310 860 1373 viri
875 1309 1076 1374 flammeas
1097 1306 1195 1372 dietus
1216 1305 1379 1373 Iturdebelo
1405 1312 1436 1367 et

248 1422 357 1483 iratres
372 1420 429 1490 sui,
448 1419 600 1484 Decimam
615 1418 701 1482 sitem
717 1419 748 1482 in
764 1418 955 1502 Gostesdnrf
964 1424 994 1481 et
1009 1418 1191 1482 maneat
1204 1416 1287 1481 eirea
1303 1415 1435 1502 Spaos-

246 1529 341 1594 bereb
362 1538 393 1591 et
414 1529 629 1614 dieresulz,
654 1546 741 1611 quom
769 1548 785 1589 a
810 1524 896 1591 nobis
920 1532 952 1590 et
970 1525 1114 1589 iratribus
1142 1526 1271 1601 nomo,
1301 1523 1437 1588 Ducibus

247 1640 388 1709 Austris,
412 1636 578 1701 interdum
605 1637 748 1700 haetenus
765 1640 941 1706 tenuerunt,
968 1632 1199 1697 Honorabilibus
1219 1640 1252 1698 et
1274 1632 1436 1715 Religionis

248 1748 321 1811 viris
335 1747 567 1818 Frstnidoeobu
585 1767 663 1810 nune
674 1743 783 1810 dbbeti
796 1744 1002 1810 etConueutui
1013 1742 1188 1808 Monoslerii
1200 1750 1312 1808 saeue
1326 1743 1437 1810 Creteis

248 1858 277 1918 in
299 1856 390 1921 Silua
414 1856 601 1926 ιοίειηεηεί,
624 1875 678 1937 pro
695 1856 848 1938 octogiuta
864 1851 985 1918 talentu
1008 1852 1196 1918 denariorum
1221 1851 1437 1919 wiennensium

248 1965 287 2029 de
303 1984 453 2028 consensu
469 1970 571 2027 nosuo
588 1963 776 2028 vendiderint
792 1970 824 2027 et
840 1962 1035 2044 assignarint,
1053 1961 1139 2044 Quod
1155 1979 1211 2024 nos
1226 1959 1436 2031 aduertentes.

250 2073 360 2137 dietum
375 2072 587 2136 blonasterium
603 2070 813 2137 Honombilem
832 2077 863 2135 et
881 2070 1082 2135 memorialem
1100 2068 1265 2134 Plentnlsm
1284 2070 1349 2133 lore
1363 2068 1437 2133 nlo·

250 2184 355 2245 strium
369 2181 517 2267 quondam
532 2180 703 2265 Principum
716 2178 831 2245 [lusum
843 2181 973 2251 lustris,
985 2178 1240 2264 predeeessornm
1254 2183 1435 2250 nostrorum,

249 2309 285 2354 uo
303 2290 395 2370 igitur
410 2289 583 2374 cupientes,
607 2291 705 2375 ipsum
720 2290 864 2376 prosequi
882 2289 987 2355 fauore
1009 2294 1041 2352 et
1065 2287 1169 2371 prosis
1188 2286 1333 2370 speeinb,
1359 2286 1438 2370 ipsis

250 2396 356 2462 oblati
372 2404 404 2461 et
419 2395 588 2462 Conuentui
609 2404 640 2461 et
656 2397 839 2462 bdonssterio
862 2396 902 2462 sd
924 2396 1066 2464 deuotam
1088 2404 1120 2460 et
1143 2397 1303 2461 instantem
1319 2394 1439 2480 snppli-

249 2506 403 2570 eneionem
426 2504 598 2570 eorumdem
622 2508 840 2591 proprietatem
864 2506 1000 2573 eiusdem
1021 2506 1161 2579 decime,
1189 2506 1268 2569 siem
1293 2503 1380 2569 nobis
1406 2512 1440 2567 et

250 2613 336 2677 lratri
352 2620 455 2678 nostro
472 2613 548 2678 Duei
567 2614 692 2688 Otiosi,
719 2615 881 2700 pertinuit.
910 2615 947 2680 de
963 2615 1057 2699 ipsius
1071 2615 1177 2680 lustris
1196 2613 1292 2678 nostri
1311 2612 1391 2678 seitn
1405 2618 1438 2675 el

251 2743 402 2788 consensu
418 2721 582 2789 liberaliter
598 2724 733 2790 dedimus
751 2733 783 2788 et
809 2724 1002 2809 presentibus
1026 2724 1173 2789 trodimos
1192 2728 1225 2788 et
1239 2722 1384 2787 dommus
1400 2720 1439 2784 sd

251 2855 322 2899 rsus
339 2836 369 2896 et
391 2833 535 2898 utilitates
557 2835 631 2899 dieti
648 2835 819 2899 btouesterii
843 2836 874 2898 iu
892 2839 980 2899 enos
1003 2832 1214 2918 possidendam
1240 2837 1390 2917 perpetuo
1406 2840 1440 2895 et

251 2943 419 3009 tenendam.
445 2944 476 3007 ln
489 2945 575 3008 euius
587 2946 632 3008 rei
644 2944 831 3009 euidenoiam
842 2945 1071 3029 lirmitrtemque
1087 2947 1264 3028 perpetuom
1279 2948 1439 3027 presentes

252 3053 345 3118 nostri
368 3051 463 3136 sigilli
485 3054 645 3117 munimine
665 3054 791 3118 lecimus
814 3053 961 3118 roboreti.
993 3053 1101 3118 Datum
1116 3053 1250 3125 esem.
1270 3051 1440 3126 Dominim,

253 3181 311 3247 qun
327 3166 461 3228 cantetur
474 3161 594 3225 neers.
612 3163 696 3226 duno
708 3162 819 3228 domiui
832 3162 990 3228 blillesimo
1002 3161 1101 3227 0000.
1114 3162 1283 3227 Tsioesionn
1295 3159 1440 3225 seeundo.

324 3285 442 3357 original
456 3287 504 3341 sut
514 3287 672 3356 Pergamest
683 3287 729 3342 mit
742 3287 839 3357 Siepel.

769 3469 920 3550 CXLVI.

252 3593 326 3666 1³³2,
339 3593 377 3653 ld.
390 3592 476 3667 [prii.
490 3626 525 3636 -
538 3596 673 3650 Heinrich
687 3613 740 3650 eon
752 3595 947 3667 Krestctlerq
958 3597 1087 3667 bestdtipl
1099 3596 1151 3653 das
1166 3597 1373 3655 Vernemeto
1382 3599 1442 3655 nord

251 3685 299 3739 die
317 3687 576 3760 Jodrtopsstiflonp
594 3688 685 3743 seinse
707 3688 903 3744 streton-desen
921 3690 1025 3745 Vetters
1037 3688 1151 3761 Seifrid
1170 3706 1225 3745 vose
1235 3689 1441 3761 Kroniebberp.

342 3816 394 3881 leh
409 3817 581 3883 Heioree’eb
599 3839 653 3883 von
671 3818 899 3907 Cbrorobperels
922 3821 1066 3902 verpiben
1089 3820 1147 3883 und
1172 3825 1223 3883 tun
1247 3819 1346 3887 elnond
1362 3820 1442 3885 olleo

252 3927 321 4000 den,
339 3926 389 3991 die
405 3926 491 3990 disen
507 3927 590 4010 priel
599 3927 695 3992 lesent
711 3929 785 3992 oder
801 3929 910 3993 borent
923 3929 1018 4005 lesen,
1034 3929 1064 3993 di
1080 3949 1118 3993 nv
1135 3928 1239 3993 lebent
1249 3929 1308 3993 rud
1324 3930 1441 3996 bernob

251 4036 398 4119 ebumllig
415 4035 565 4108 seruent,
590 4038 644 4101 das
662 4038 738 4102 mein
755 4046 849 4111 veter,
867 4037 936 4102 dem
959 4046 1012 4122 got
1026 4037 1137 4123 gennd,
1154 4038 1227 4103 herr
1242 4039 1368 4124 Seifro'd
1384 4062 1441 4105 rou

252 4144 511 4232 Cbrooiebperod
538 4144 590 4210 hot
615 4147 766 4230 geschalll
800 4148 857 4212 sud
890 4149 1022 4231 gigeben
1051 4149 1100 4231 pei
1129 4150 1247 4213 seinem
1273 4148 1362 4213 leben
1387 4151 1443 4215 nsit

250 4254 366 4317 melnen
382 4262 483 4336 gutem
501 4253 599 4319 willen
615 4256 676 4320 und
698 4257 924 4340 verbangnusse
947 4257 1007 4321 den
1023 4256 1140 4321 llerreu
1155 4277 1192 4321 ro
1207 4256 1274 4321 dem
1290 4257 1441 4347 Μέρη

255 4363 391 4429 Chreme
407 4363 465 4427 und
482 4364 549 4428 dem
566 4363 706 4430 Obloster
722 4369 797 4430 zwai
813 4368 906 4452 pbunl
921 4366 1021 4451 geltes
1037 4386 1071 4430 se
1085 4367 1170 4433 saed
1183 4369 1380 4439 reomaus.
1408 4368 1441 4432 dl

253 4472 290 4537 da
307 4474 404 4558 ligent
418 4475 449 4538 iu
465 4474 520 4539 der
536 4475 664 4541 Lueben
679 4478 732 4540 aul
746 4478 842 4540 swein
858 4474 967 4542 halben
984 4474 1093 4551 leben,
1116 4476 1210 4543 dnrob
1228 4477 1293 4541 sein
1318 4476 1364 4541 sel
1380 4478 1441 4544 rud

249 4583 325 4648 aller
340 4584 443 4649 seiner
459 4584 587 4648 vordero
606 4586 664 4651 rnd
681 4587 740 4650 sub
755 4587 923 4651 uaebomen
938 4586 985 4652 sel
1001 4588 1061 4653 buil
1078 4587 1191 4660 millen,
1216 4585 1276 4651 und
1292 4585 1389 4651 botin
1404 4589 1438 4653 di

244 4690 310 4776 gill
329 4692 462 4777 gigeben
485 4695 537 4759 mit
563 4702 726 4778 sogetoner
746 4714 947 4781 suspensores
973 4696 1029 4763 red
1057 4696 1116 4762 und
1139 4696 1197 4762 sub
1221 4696 1288 4771 iob,
1316 4696 1375 4762 das
1406 4697 1438 4761 si
