3192 5342
263 513 314 583 96

258 685 444 750 thesaurizat
469 685 595 749 incelis
624 692 654 750 et
676 692 798 750 terrena
827 688 892 750 eius
920 686 1049 769 dignitas
1077 689 1232 772 prosperis
1259 689 1455 755 successibus

257 802 477 879 augmentatur,
495 794 574 878 quod
590 796 788 879 perfectionis
805 815 898 877 opere
912 801 983 860 tunc
1000 796 1176 878 completur,
1193 817 1259 859 curn
1276 797 1375 870 Deus,
1398 818 1455 881 per

258 922 345 985 quem
358 904 459 985 Reges
473 909 600 982 regnant
613 908 645 966 et
660 905 689 966 in
701 904 849 985 regimine
867 904 913 967 sui
929 904 996 968 solii
1013 906 1089 967 iusta
1107 905 1284 976 decernunt,
1302 906 1455 987 condigne

257 1011 429 1076 bonoratur.
454 1018 483 1074 et
500 1030 566 1073 cnm
584 1010 682 1075 cultus
699 1012 792 1075 diuini
809 1011 936 1074 nominis
953 1012 981 1072 in
1000 1010 1148 1075 Ecclesiis
1165 1012 1373 1078 munificentiis
1391 1014 1452 1077 Re-

257 1119 375 1201 golibns
391 1119 535 1190 attolitur,
557 1118 627 1202 qnia
643 1118 744 1197 Reges
761 1124 793 1181 et
810 1119 906 1181 celeri
923 1125 1071 1184 terrarum
1089 1120 1261 1204 Principes,
1284 1123 1333 1205 qui
1351 1122 1454 1185 diuino

255 1237 327 1293 nutu
344 1234 500 1307 reguntur,
519 1231 588 1290 tunc
606 1227 790 1308 potissimum
809 1227 836 1288 in
854 1226 961 1291 celesti
976 1226 1145 1291 Jerusalem
1162 1228 1357 1303 collocantur,
1388 1253 1456 1296 cum

254 1359 342 1403 sacro
370 1340 474 1400 sancta
504 1340 599 1396 mater
626 1333 761 1397 Ecclesia
788 1336 935 1417 sanguine
960 1335 1100 1400 Crucilixi
1132 1336 1269 1400 dedicata
1295 1338 1455 1403 uberrimis

255 1446 425 1510 libertatum
448 1443 651 1526 prerogaliuis
677 1443 897 1526 prefulgentius
921 1444 1067 1507 decorata
1095 1442 1279 1525 gratulatur:
1309 1445 1454 1510 Volentes

255 1554 354 1639 dignis
371 1551 566 1637 petitionibus
584 1550 713 1633 predicti
738 1553 839 1615 fratris
858 1553 982 1617 Ottonis
998 1551 1115 1614 abbatis
1132 1550 1226 1633 Regio
1244 1553 1349 1616 fauore
1367 1556 1456 1618 ineli-

255 1663 340 1734 nari,
369 1661 501 1745 prelatas
528 1658 686 1722 libertates
709 1668 740 1722 et
763 1662 878 1742 gratias
902 1666 1021 1725 nostras
1038 1661 1118 1725 dicto
1137 1660 1330 1730 blonesterio,
1348 1662 1453 1726 abbati

254 1776 285 1836 et
311 1769 454 1834 fratribus
480 1768 645 1831 in'eodem
668 1766 788 1832 domino
811 1789 865 1850 pro
889 1769 985 1832 salute
1008 1768 1125 1831 humani
1149 1772 1272 1849 generis
1290 1771 1398 1834 deuote
1415 1777 1448 1835 et

255 1879 397 1945 continue
430 1876 634 1960 placatissima
668 1876 866 1941 offerentibus
900 1877 1072 1941 holocausta
1105 1879 1202 1940 factas
1236 1879 1446 1961 approbantes

254 1990 441 2069 prenotatum
458 1983 647 2068 priuilegium
664 1991 814 2055 nostrum,
842 1992 931 2066 prout
952 1983 1001 2047 hic
1016 1985 1162 2049 insertum
1178 1993 1243 2056 est,
1267 1986 1451 2050 ratificamus

253 2100 284 2158 et
311 2094 489 2157 auctoritate
516 2092 612 2173 Regis
638 2092 804 2154 maiestatis
833 2098 979 2175 perpetuo
1004 2090 1105 2156 valere
1128 2092 1347 2156 confirmemus.
1385 2096 1451 2159 tloc

253 2201 444 2288 presentibus
462 2204 668 2270 annectentes,
693 2197 772 2282 quod
791 2198 884 2262 abbas
901 2208 931 2262 et
953 2201 1066 2263 fratres
1088 2201 1261 2263 monasterii
1284 2202 1451 2272 memorati,

252 2315 284 2372 vt
300 2311 446 2393 protectis
462 2306 574 2389 graciis
588 2308 699 2370 nostris
712 2308 849 2369 securius
863 2314 1011 2391 perpetuo
1024 2309 1230 2391 perfruentur,
1247 2308 1322 2371 duos
1336 2310 1451 2373 fratres

253 2419 301 2482 sui
319 2417 441 2480 Ordinis
454 2416 483 2477 in
497 2415 586 2478 Curia
599 2420 702 2479 nostra
715 2413 895 2478 tenebuntur
908 2435 1092 2481 conseruere
1108 2419 1248 2481 continue
1266 2424 1448 2482 moraturos.
1477 2474 1479 2476 ,

261 2524 300 2587 vt
316 2529 414 2588 autern
432 2525 535 2586 nostre
552 2521 776 2606 approbationis
799 2530 830 2586 et
847 2524 1081 2587 confirmationis
1103 2528 1201 2588 series
1218 2524 1331 2608 absque
1347 2527 1453 2590 cuius-

251 2633 327 2697 libet
349 2632 592 2696 contradictionis
620 2631 775 2695 obstaculo
806 2638 950 2715 perpetua
977 2634 1075 2696 valeat
1102 2634 1241 2696 firmitate
1264 2634 1447 2707 consistere,

251 2747 411 2825 presentes
435 2740 640 2803 concessimus
662 2738 778 2802 litteras
805 2746 922 2803 nostras
939 2741 1146 2824 priuilegiales
1169 2741 1236 2805 noni
1254 2747 1284 2805 et
1301 2743 1447 2807 autentici

251 2849 350 2932 Sigilli
368 2850 463 2911 nostri
481 2847 610 2933 duplicis
627 2848 786 2911 munimine
799 2848 976 2912 roborando.
1002 2848 1107 2913 Detnrn
1128 2869 1183 2931 per
1199 2871 1302 2913 manus
1318 2850 1448 2914 discreti

250 2959 306 3021 riri
329 2956 466 3037 magistri
481 2957 609 3021 Andros
636 2958 774 3019 hectoris
797 2958 928 3019 ecclesie
948 2959 1091 3044 Quinque
1108 2959 1307 3022 ecclosicnsis
1329 2963 1360 3020 et
1376 2958 1446 3021 aule

250 3071 353 3129 nostre
370 3064 623 3140 vicecancellarii,
647 3065 754 3127 Dilecli
770 3072 802 3128 et
819 3064 916 3127 tidelis
934 3067 1038 3137 nostri,
1056 3068 1140 3128 Anno
1157 3065 1267 3128 domini
1284 3064 1445 3128 lllillesimo

249 3174 340 3240 000θ
355 3175 440 3237 xxm
456 3175 558 3245 lertio,
572 3173 664 3235 Sexto
676 3172 745 3236 ldus
755 3172 942 3244 Decembris,
955 3174 1051 3253 Regni
1061 3174 1345 3236 antemnostriauno
1360 3174 1448 3236 slmi-

249 3283 320 3347 liter
335 3282 418 3346 llll‘no
435 3283 534 3345 tertio.
560 3279 786 3345 venerabilibus
807 3283 836 3343 in
854 3281 968 3344 christo
990 3281 1125 3365 patribus
1140 3281 1273 3345 Dominis
1285 3283 1447 3369 Bogcclao

248 3391 466 3479 Striponiensi
490 3398 520 3453 et
545 3391 638 3452 fratre
661 3389 812 3453 Lndizlno
831 3391 1009 3456 Dolucensis
1024 3390 1275 3472 archiepiscopis,
1296 3388 1447 3455 Jobnnne

250 3499 415 3570 Nitriensi,
432 3499 608 3563 Benedicto
626 3498 850 3569 Cloanadiensi,
875 3500 1010 3585 Georpio
1026 3498 1208 3568 Sirmiensi,
1238 3500 1332 3560 fratre
1348 3500 1447 3563 Petro

250 3608 417 3682 Bonnensi,
432 3606 565 3671 Nicolno
576 3605 772 3673 Jnnrioensi.
787 3605 939 3669 Lndirloo
954 3606 1290 3693 Quinqueccolesicnsi,
1307 3607 1447 3671 annlro

256 3715 466 3786 Wnrndienci
481 3715 611 3779 Andron
625 3715 855 3788 Transilucno,
879 3715 1014 3780 Hernico
1029 3714 1247 3800 mesprimensi
1267 3720 1299 3776 et
1315 3714 1446 3779 Clonu-

249 3824 325 3889 dino
346 3824 489 3911 styriensi
509 3823 705 3886 ecclesiarum
733 3823 891 3905 Episcopis
915 3822 1070 3886 Ecclesiae
1097 3822 1147 3885 dei
1174 3821 1306 3885 feliciter
1328 3820 1446 3902 guber·

250 3930 400 4001 nantibus,
419 3930 586 4011 lllagnilicis
603 3931 673 3992 viris
691 3931 845 4015 Ptttippo
863 3929 997 3992 Palatino
1015 3930 1131 3993 Domite
1146 3930 1346 4016 Scipnsicnsi
1359 3936 1391 3991 et
1407 3927 1447 3991 de

253 4038 369 4122 Wynor
396 4060 430 4102 ac
458 4038 565 4102 -ludice
599 4041 809 4103 Cumanorum
837 4038 998 4103 Demetrio
1033 4039 1177 4119 magistro
1204 4039 1446 4101 Tauernicorum

249 4154 428 4219 nostrorum,
446 4145 562 4210 Comile
574 4146 748 4211 Boebicnsi
763 4155 792 4210 et
810 4147 847 4209 de
863 4147 1031 4219 ibincbcn,
1048 4148 1219 4235 lamperto
1234 4147 1336 4210 indice
1353 4143 1449 4209 Curie

248 4260 361 4327 nostre,
379 4255 495 4318 Cornite
511 4255 672 4320 Nitriensi
686 4262 718 4319 et
740 4256 966 4326 Cbnnodicnsi,
995 4256 1113 4320 Tbcmn
1134 4254 1278 4338 woyuoda
1299 4253 1446 4317 Tramit-

247 4384 331 4427 nono
362 4371 392 4427 ct
409 4365 525 4427 Comite
548 4363 586 4426 de
611 4365 728 4428 Zonulr.
754 4364 887 4429 Nicolno
911 4364 989 4427 Rano
1015 4365 1106 4427 totius
1127 4363 1314 4434 Solomonis,
1339 4362 1445 4425 Porcio

248 4468 328 4533 Rano
345 4471 384 4532 de
396 4471 532 4537 Mccbon
549 4470 664 4534 Comite
680 4472 851 4536 Sirmiensi
861 4473 900 4534 de
918 4472 1041 4538 Wolton
1053 4477 1084 4537 et
1102 4472 1140 4536 de
1152 4473 1300 4558 Budrnp,
1328 4468 1447 4554 Mylrclr

246 4581 390 4660 magistro
418 4580 656 4643 Teuernicorum
680 4580 798 4644 domine
829 4580 945 4662 Regine
973 4580 1132 4644 karissime
1151 4578 1301 4645 consortis
1329 4581 1447 4651 nostre,

248 4689 364 4752 Comite
382 4688 420 4752 de
433 4689 533 4753 Sarno
552 4695 583 4751 et
599 4689 637 4752 de
651 4689 809 4761 Zerntimo,
825 4691 930 4754 Deseu
945 4689 1053 4754 Judice
1065 4688 1156 4753 Durie
1174 4688 1307 4752 eiusdem
1324 4685 1449 4748 domine
