3192 5342
1260 478 1334 549 193

134 656 337 740 apostolorum
345 654 403 719 iam
411 652 625 741 preteritumin
633 652 702 717 villa
711 653 1012 727 Owcr,vniuersitati
1020 654 1161 720 nobilium
1170 653 1336 719 Comitatus

133 764 360 849 Messonyensis
383 765 502 827 nominc
525 769 629 827 nostro
653 761 805 828 celebrata
823 764 970 850 quandam
987 768 1215 849 possessionem
1235 768 1335 832 Terre·

129 875 228 957 [oima
239 873 299 937 alio
310 873 1334 962 nomineFopuadorfvocatam,hereditarioinresibipertinentem

132 1002 186 1065 per
203 982 329 1045 tratrem
346 984 460 1071 Appul,
478 982 653 1064 magistrum
671 981 865 1047 ilonaeorum
886 983 1018 1047 ecclesio
1034 984 1156 1050 Sancte
1169 985 1279 1051 Crucis
1295 984 1334 1048 de

133 1091 453 1157 Olenumunuhuduor
474 1096 505 1154 et
526 1091 638 1154 fratres
654 1092 701 1154 sui
724 1089 839 1155 ordinis
861 1091 1023 1157 abeodem
1045 1099 1223 1178 occupatam
1240 1094 1335 1157 tuisse

130 1201 351 1285 proposuisset,
365 1208 396 1265 et
409 1206 556 1285 occupate
569 1200 753 1265 detentionis
765 1201 863 1287 ipsius
876 1223 930 1266 sue
942 1203 1145 1287 possessionis
1159 1203 1188 1266 in
1201 1205 1335 1267 examine

129 1309 301 1377 iudiciario
329 1310 465 1375 eiusdem
490 1310 681 1396 ricepaiatini
711 1313 863 1378 racionem
892 1313 929 1375 ab
957 1311 1072 1377 eisdem
1101 1313 1245 1378 iratribus
1272 1311 1332 1377 sibi

129 1418 193 1483 dari
210 1417 408 1503 postulasset,
432 1419 501 1503 lpse
518 1420 612 1482 irater
627 1418 751 1506 Appat,
780 1420 926 1502 magister
942 1420 1134 1486 hionacorum
1150 1419 1242 1486 Curia
1258 1441 1331 1506 pre·

129 1527 227 1601 dicte,
256 1533 288 1592 et
305 1528 363 1591 duo
380 1528 491 1591 iratres
508 1529 553 1592 sui
570 1526 702 1598 ordinis,
730 1528 872 1613 predicte
888 1531 1125 1613 congregacioni
1141 1534 1245 1595 nostre
1261 1534 1333 1595 tunc

127 1635 332 1721 personaliter
345 1636 538 1711 adherentes,
556 1636 683 1703 eandem
696 1640 922 1721 possessionem
938 1639 1121 1724 Tenesulua.
1138 1640 1195 1704 alio
1212 1640 1332 1704 nomine

125 1745 321 1834 Fopussdors
328 1746 497 1816 vocitatam,
514 1745 607 1829 tytulo
619 1744 715 1827 liegie
729 1744 906 1810 donacionis
923 1746 1205 1813 efficacissimorum
1217 1748 1332 1813 instru-

128 1861 297 1918 mentorum
312 1852 420 1935 rigore
437 1852 496 1916 sibi
512 1853 668 1937 pertinere
684 1851 887 1936 allegassent,
904 1861 935 1920 et
952 1854 989 1919 ah
1006 1855 1114 1920 eodem
1130 1857 1330 1941 ricepaiatino

127 1974 231 2028 nostro
250 1964 411 2027 terminum
428 1962 621 2028 exhibitionis
644 1961 899 2048 prealiegatorum
924 1985 1045 2030 suorum
1062 1967 1330 2031 instrumentorum

125 2073 187 2138 dari
205 2073 425 2157 postulassent,
443 2071 553 2156 quibus
565 2072 633 2155 ipse
644 2073 861 2158 ricepaiatinus
874 2082 979 2139 noster
996 2075 1032 2140 ad
1044 2075 1210 2140 luridicam
1227 2095 1329 2140 eorum

126 2183 308 2266 peticionem
326 2188 486 2268 presentes
500 2181 632 2246 0ctauas
648 2182 708 2246 diei
725 2187 895 2246 strenarum
912 2203 966 2268 pro
984 2184 1112 2248 termino
1129 2184 1329 2249 exhibicionis

126 2311 248 2355 suornm
266 2290 534 2354 instrumentorum
549 2294 656 2353 tenore
671 2309 791 2354 suarum
809 2290 975 2355 litterarum
993 2291 1116 2355 lormam
1128 2292 1269 2375 premissi
1282 2303 1328 2366 sui

124 2399 236 2464 ludicii
250 2398 471 2484 explicaneium
481 2398 678 2482 assignasset
692 2398 825 2462 Tandem
834 2399 891 2462 iam
904 2399 993 2464 dictis
1002 2400 1128 2465 Oetacis
1139 2400 1197 2464 diei
1206 2406 1327 2465 strena-

124 2530 187 2572 rum
198 2507 417 2573 occurentibus
424 2505 838 2595 pretatusStephanuciilins
848 2508 977 2574 Moesad
987 2515 1119 2574 nostram
1127 2510 1329 2594 personaliter

123 2618 275 2683 accedens
294 2616 484 2702 presenciam
501 2615 588 2680 nohis
605 2616 749 2702 quasdam
765 2623 904 2701 patentes
922 2616 1040 2682 litteras
1057 2618 1152 2702 ipsius
1169 2620 1323 2703 ricepaia-

125 2728 178 2791 tini
194 2727 295 2793 nostri
311 2726 541 2798 demonstrauit,
557 2727 766 2799 continentes,
791 2735 822 2790 vt
839 2728 903 2811 ipse
925 2728 1110 2815 Stephanus
1125 2729 1154 2791 in
1171 2729 1235 2815 ipsa
1253 2748 1326 2793 oon·

124 2837 313 2918 gregacione
330 2844 430 2899 nostra
448 2853 615 2917 exsurgens
631 2840 796 2920 pretactam
814 2836 1039 2919 possessionem
1061 2838 1249 2922 Trossulum,
1267 2834 1326 2900 alio

124 2948 245 3009 nomine
261 2945 456 3034 anundorf
470 2943 647 3016 vocitatam,
676 2943 861 3007 hereditario
878 2943 953 3009 lure
974 2944 1033 3008 sibi
1048 2947 1196 3030 pertineri
1213 2944 1326 3010 debere

125 3053 304 3137 allegando,
335 3062 365 3118 rt
388 3054 493 3118 eadem
520 3055 676 3137 possessio
705 3054 771 3138 ipso
787 3053 972 3118 hereditario
987 3055 1063 3120 lure
1085 3054 1143 3120 sibi
1168 3055 1326 3141 pertinens

126 3165 287 3235 existeret.
310 3162 348 3225 ad
365 3162 518 3229 iudicium
536 3160 678 3226 nobilium
695 3161 929 3247 luratorumque
947 3183 1137 3227 assessorum
1154 3185 1189 3227 ao
1206 3164 1326 3228 uniuer-

125 3293 223 3338 sorum
247 3271 391 3336 nobiiium
415 3274 509 3357 ipsius
533 3269 699 3336 Comitatus
724 3272 950 3345 Mosoniensis,
978 3273 1009 3335 in
1037 3292 1096 3357 quo
1125 3271 1273 3338 Comitatu
1295 3281 1326 3338 et

127 3384 190 3468 ipso
208 3384 382 3466 possessio,
410 3401 498 3466 quam
514 3382 599 3446 tituto
616 3383 663 3445 sui
679 3381 762 3445 ,larris
778 3381 954 3444 hereditarii
970 3381 1007 3445 ab
1024 3381 1097 3465 ipsis
1113 3381 1257 3446 iratribus
1274 3402 1325 3446 re·

127 3491 288 3577 quirebat,
315 3491 480 3562 existebat,
508 3489 757 3555 testiiicaeionem
781 3512 816 3554 ae
832 3488 1024 3555 submisisset
1039 3491 1070 3554 in
1086 3490 1144 3556 hac
1160 3497 1255 3575 parte.
1288 3490 1327 3555 Et

126 3600 193 3665 dum
210 3601 281 3684 ipse
299 3599 515 3684 ricepaiatinus
532 3605 636 3664 noster
650 3600 732 3666 luris
748 3599 854 3664 ordine
870 3606 1051 3685 exposcente
1067 3599 1191 3664 eosdem
1207 3600 1325 3664 ludices

124 3707 266 3773 nobilium
284 3706 409 3772 iuratos
425 3727 618 3778 assessores,
635 3713 788 3794 totamque
805 3707 1046 3773 communitatem
1064 3707 1227 3781 nobilium,
1250 3728 1325 3795 qua·

123 3815 191 3880 liter
207 3817 253 3880 eis
267 3819 418 3901 premisse
434 3817 637 3901 possessionis
652 3818 764 3902 peritas
781 3821 946 3888 constaret,
964 3816 1001 3880 ad
1014 3814 1103 3880 iidem
1120 3816 1178 3881 deo
1192 3815 1323 3880 debitam

124 3925 360 4009 fidelitatemque
371 3926 467 4012 Regio
480 3926 598 3991 Corone
615 3925 853 3990 concernendam
869 3925 967 3989 Tacto
985 3925 1108 3989 uiuitice
1125 3926 1224 3989 crucis
1242 3924 1324 4006 ligno

124 4035 281 4117 prestitam
291 4034 451 4120 requisitos
459 4034 624 4106 habuisset,
635 4034 695 4119 ipsi
703 4033 982 4099 ludicesnobilium
992 4033 1127 4098 etlurati
1139 4053 1324 4104 assessores,

125 4144 316 4228 uniuersique
340 4142 459 4207 nobiles
482 4144 577 4229 ipsius
594 4142 758 4209 Comitatus
784 4164 839 4227 por
865 4141 1005 4227 predicte
1022 4143 1150 4226 prestito
1166 4143 1238 4206 fidei
1260 4142 1324 4206 sin·

125 4254 293 4324 ceritatem,
306 4250 431 4316 eandem
445 4252 671 4336 possessionem
683 4250 870 4316 hereditario
882 4250 958 4316 lure
968 4249 1066 4314 eidem
1073 4249 1238 4338 Stephano
1251 4270 1326 4334 per·

125 4361 219 4425 tinere
244 4360 360 4425 debere
384 4359 526 4424 concordi
555 4359 772 4426 testiheacione
788 4359 1007 4432 affirmassent,
1037 4358 1149 4444 Sisque
1165 4359 1234 4442 ipse
1249 4359 1324 4424 Ste-

121 4470 248 4558 phunus
264 4468 441 4553 prelibatum
463 4469 689 4553 possessionem
714 4470 822 4552 vigore
846 4469 1029 4552 prelatorum
1047 4468 1211 4531 litterarum
1236 4468 1326 4532 testi·

128 4577 324 4644 beatoriarum
340 4578 470 4642 omnium
495 4575 637 4641 nobilium
660 4576 959 4662 eomprouineialium
977 4595 1115 4647 suorum,
1139 4575 1324 4640 hereditario

128 4686 199 4751 lure
225 4685 283 4750 sibi
306 4687 491 4769 pertinuisse
513 4691 546 4751 et
573 4686 687 4754 debere
709 4687 865 4770 pertinere
882 4686 1026 4750 exhibuit
1053 4686 1184 4767 Quarum
1200 4685 1322 4770 quidem

161 4803 498 4850 forianensecium.
1073 4792 1106 4846 13
