3192 5342
281 456 359 527 330

278 632 396 712 signum
419 649 609 711 cognoscere
632 630 795 712 potuisset,
819 631 946 695 ulterius
963 632 994 694 in
1010 630 1126 695 eisdem
1149 633 1240 696 terris
1263 629 1428 696 arabilibus
1444 640 1478 697 et

277 737 455 824 quibusdam
471 739 630 819 segetibus
648 739 685 804 ad
702 738 851 823 quandam
868 741 1072 803 tumositatem
1089 748 1174 804 terre
1190 740 1414 812 accessissent,
1441 742 1475 803 in

277 867 336 933 qua
352 846 427 911 duos
439 867 566 929 maguus
583 848 698 931 lapides
715 849 746 911 in
762 847 863 912 medio
880 854 1019 931 segetum
1037 854 1069 912 et
1084 849 1193 913 nudam
1209 871 1264 934 pre
1280 850 1376 915 facies
1388 848 1475 913 adia-

277 961 382 1020 centes
399 957 630 1040 comperisseut,
648 976 722 1041 quas
738 956 818 1020 idem
835 958 1008 1045 Gregorius
1024 977 1082 1039 per
1098 964 1194 1022 metas
1210 978 1287 1041 sepe
1303 955 1383 1021 dicte
1399 978 1475 1042 pos·

276 1064 425 1129 sessionis
452 1084 507 1129 sue
533 1065 660 1131 Wels'ud
685 1070 717 1129 et
745 1065 841 1148 ipsius
868 1071 952 1130 terre
977 1067 1161 1150 Flsusfoluo
1183 1068 1284 1130 teneri
1305 1065 1475 1130 retulisset.

278 1173 441 1239 Predietus
458 1194 531 1239 uero
548 1174 656 1238 Frater
671 1174 830 1250 Jounues,
847 1180 1027 1257 procurator
1043 1174 1139 1257 ipsius
1155 1173 1271 1238 Fratris
1289 1174 1477 1240 Comumi

274 1283 400 1347 solaris
417 1284 599 1348 contrarium
616 1281 777 1365 allegando
794 1281 933 1353 dixisset,
951 1282 1030 1365 quod
1046 1302 1119 1366 sepe
1136 1282 1216 1346 dicta
1233 1283 1322 1364 sigua
1337 1283 1472 1353 metalia,

275 1395 410 1476 exceptis
427 1390 580 1476 prioribus
595 1392 691 1456 tribus
708 1392 813 1463 metis,
831 1409 887 1474 per
907 1392 1005 1475 ipsum
1023 1392 1228 1479 Gregorius,
1248 1389 1340 1456 filium
1356 1393 1474 1463 Belud,

278 1520 334 1585 pro
357 1502 445 1566 metis
467 1507 588 1566 ostensa
612 1506 715 1563 essent
739 1501 769 1563 in
797 1498 993 1583 possessione
1021 1498 1159 1581 predicta
1186 1499 1308 1564 Domini
1329 1499 1474 1572 Abbatis,

277 1612 456 1695 luuufalua
486 1611 635 1673 nominata
658 1613 689 1671 et
711 1607 824 1673 nullum
844 1608 979 1690 ipsorum
1006 1608 1161 1690 signorum
1183 1614 1263 1671 meta
1286 1616 1388 1680 esset,
1415 1628 1474 1672 nec

274 1720 391 1783 inisset.
432 1718 550 1782 Deinde
573 1738 629 1802 per
656 1724 781 1799 segetes
805 1721 836 1781 et
857 1716 925 1779 loca
946 1715 1100 1800 pascualis
1124 1717 1162 1781 ad
1184 1735 1324 1798 magnum
1340 1719 1473 1801 spatium

275 1848 383 1891 uersus
412 1831 547 1912 quartam
576 1828 805 1909 possessiouem
834 1844 958 1891 uacuam
987 1831 1019 1889 et
1049 1824 1269 1891 habitatoribus
1294 1826 1473 1890 destitutam

274 1937 461 2003 Zentmnrs'a
476 1936 671 2008 nominatam,
689 1935 739 1999 ubi
754 1935 790 2000 ad
808 1940 924 2020 partem
941 1933 1169 1998 meridionalem
1186 1932 1284 1998 eundo
1301 1935 1473 2019 predictus,

274 2046 447 2132 Gregorius
459 2050 524 2109 tres
539 2049 634 2109 metas
651 2043 848 2117 ostendisset,
865 2064 990 2127 quarum
1007 2063 1093 2108 unam
1111 2063 1166 2127 pro
1183 2041 1262 2106 dicta
1275 2044 1475 2126 possessione

273 2172 326 2216 sua
353 2153 489 2223 Welr'ud,
518 2152 642 2216 alteram
666 2172 721 2236 pro
745 2151 917 2216 antedicta
940 2153 1241 2221 terraZeutmcriu,
1265 2150 1392 2214 terciam
1414 2170 1472 2234 pro

273 2260 389 2345 prefata
419 2268 502 2324 terra
535 2261 717 2344 Funusnlua
745 2260 841 2342 ipsius
869 2260 988 2323 Domini
1020 2259 1145 2323 solans
1175 2259 1366 2340 distinguere
1398 2258 1473 2322 item

275 2371 448 2456 Gregorius
469 2369 665 2440 affirmasset,
688 2372 719 2432 in
742 2369 851 2454 quibus
869 2373 973 2452 partes
1002 2374 1159 2451 prenotate
1185 2369 1215 2431 in
1238 2367 1320 2432 nullo
1349 2367 1473 2432 discor·

274 2479 398 2543 dassent
415 2484 445 2542 et
460 2498 548 2542 unam
563 2499 600 2543 ex
618 2478 763 2560 predictis
781 2478 877 2542 tribus
893 2477 981 2541 metis
998 2497 1106 2541 uersus
1122 2477 1240 2563 plagam
1254 2477 1473 2561 septematrio-

272 2588 369 2651 nalem
397 2587 484 2651 sitam
512 2592 692 2670 procurator
719 2587 792 2651 dicti
816 2587 934 2651 Domini
955 2585 1081 2651 Abbatis
1109 2607 1163 2672 pro
1186 2588 1253 2671 ipsa
1268 2587 1470 2672 possessione

275 2698 455 2780 Tunufuluo
471 2697 612 2759 renouari
627 2695 784 2780 petiisset,
806 2697 837 2758 in
858 2692 1082 2759 ostensionibus
1098 2715 1171 2760 uero
1187 2700 1333 2759 metarum
1348 2695 1471 2778 prefate

271 2805 475 2889 possessionis
495 2805 678 2889 Tunusulun
693 2823 730 2868 es
748 2807 835 2886 parte
852 2804 1060 2887 prenominata
1075 2804 1281 2886 possessionis
1300 2804 1423 2869 Wcls'ud
1438 2805 1468 2866 in

270 2912 398 2997 quodam
420 2909 580 2994 priuilegio
602 2912 697 2994 ipsius
720 2912 865 2997 Capituli
878 2911 1061 2977 Jourieuss‘s
1076 2932 1132 2994 per
1147 2917 1376 2996 procuratorem
1393 2912 1468 2978 dicti

271 3020 389 3084 Domini
405 3018 531 3084 solatis
555 3020 586 3083 in
602 3022 708 3103 specie
724 3019 857 3083 exhibito
874 3023 1081 3083 contentarum
1097 3019 1152 3083 teli
1168 3020 1276 3084 ordine
1292 3021 1468 3103 processis-

269 3134 355 3201 sent,
382 3127 463 3214 quod
487 3128 582 3212 primo
606 3129 798 3211 incepissent
820 3128 899 3191 inita
917 3128 1143 3210 possessiouem
1160 3128 1361 3202 Zeutmuriu,
1384 3130 1470 3212 prius

269 3237 469 3307 nominatam,
486 3256 502 3300 a
519 3236 644 3300 meridie
661 3242 692 3300 et
708 3236 778 3299 inde
795 3235 1029 3319 protenderetur
1045 3237 1083 3300 ad
1100 3238 1326 3322 possessiouem
1347 3237 1472 3304 Weliud

270 3345 307 3410 ad
324 3344 398 3409 duas
419 3355 515 3409 metas
537 3350 656 3409 terreas
684 3350 866 3430 apparentes
896 3345 932 3408 ab
955 3345 1117 3409 occidente
1140 3352 1172 3409 et
1198 3344 1327 3409 indeed
1356 3346 1469 3411 dictam

270 3453 497 3540 possessionem
510 3454 609 3519 Galus
621 3460 769 3526 uocatam,
781 3453 918 3517 similiter
933 3453 971 3518 ad
989 3453 1062 3517 duas
1078 3458 1175 3517 metas
1190 3458 1308 3517 terreas
1324 3454 1364 3518 ab
1380 3457 1469 3541 aqui·

269 3561 338 3626 lone
355 3562 430 3624 sitas
454 3566 485 3625 et
505 3560 577 3626 inde
600 3562 812 3627 reflecteretur
829 3562 864 3626 ad
882 3562 1001 3646 plagam
1018 3562 1195 3626 orientalem
1212 3582 1319 3627 uersus
1338 3565 1469 3631 Curium

267 3670 506 3742 Mesochorum,
524 3670 566 3734 uti
583 3671 738 3754 predictus
754 3670 862 3735 Frater
875 3672 1020 3738 loannes
1037 3672 1139 3743 Prior,
1157 3677 1338 3755 procurator
1354 3674 1469 3756 prelati

269 3780 386 3844 Domini
403 3779 520 3843 Fratris
538 3781 726 3845 colomanni
739 3779 876 3853 Abbatis,
891 3780 994 3845 taliter
1011 3781 1205 3852 astruxisset,
1223 3781 1305 3864 quod
1320 3800 1379 3863 per
1394 3802 1470 3865 pre·

269 3893 387 3952 notatas
417 3894 510 3951 metus
535 3893 676 3952 ostensas
698 3890 728 3952 in
753 3888 834 3953 dieto
858 3889 1019 3971 priuilegio
1042 3891 1137 3973 ipsius
1153 3886 1284 3971 Capituli
1307 3895 1471 3953 contentas

267 3994 374 4060 eadem
389 3999 469 4059 terra
488 3995 670 4080 Tunofulun
686 3996 814 4079 predicti
826 3996 944 4060 Domini
958 3997 1085 4062 sonatis
1102 3979 1118 4060 a
1136 3996 1252 4080 prefata
1269 3998 1471 4079 possessione

275 4105 398 4169 Welr‘ud
412 4105 545 4169 annotati
563 4105 713 4192 Gregorii
727 4104 859 4191 undique
876 4112 1106 4191 segregaretur,
1124 4106 1265 4189 idemque
1282 4106 1470 4193 Gregorius,

224 4180 236 4209 '
267 4209 346 4275 tilius
360 4212 494 4283 Welc'ud,
511 4213 682 4294 oppositum
700 4212 828 4276 dixisset
841 4212 971 4277 diceudo
988 4213 1043 4276 tali
1059 4213 1159 4285 modo,
1174 4214 1255 4297 quod
1272 4233 1378 4278 omnes
1396 4236 1470 4298 pre-

268 4322 349 4387 dicte
361 4328 442 4387 mete
454 4322 482 4385 in
497 4322 636 4405 predicto
649 4322 812 4406 priuilegio
826 4330 968 4387 contente
982 4329 1011 4387 et
1028 4330 1154 4388 ostense
1167 4329 1271 4390 esseut
1283 4332 1314 4389 st
1327 4326 1470 4397 luissent,

270 4431 329 4494 site
345 4431 375 4493 in
393 4430 601 4513 prenominata
613 4432 809 4514 possessione
826 4450 880 4495 sua
896 4431 1014 4497 Wcliud
1027 4432 1155 4515 quedam
1171 4454 1209 4497 ex
1224 4435 1341 4498 eisdem
1353 4435 1471 4522 absque

269 4538 346 4602 scitu
363 4558 418 4600 sun
435 4542 579 4601 renouata
596 4544 627 4601 et
642 4538 771 4601 latenter
788 4542 903 4601 erecte.
928 4538 1066 4604 Partibus
1083 4542 1183 4627 itaque
1199 4542 1280 4606 inter
1294 4564 1329 4606 se
1345 4544 1470 4608 discor·

270 4645 410 4709 dantibus
438 4645 615 4728 particulam
649 4648 876 4729 possessionum
906 4648 936 4711 in
964 4648 1017 4712 lite
1051 4656 1256 4714 remanentem
1291 4674 1469 4719 mensurare
