3192 5342
689 780 827 861 CXVII.

162 919 246 993 1³2⁸,
265 919 307 980 lb.
327 920 422 994 April,
438 920 571 995 brithon.
591 953 627 964 -
641 922 802 991 rennuens
820 922 967 978 mehrcrcr
988 921 1122 996 Bisshofe
1140 922 1194 995 fair
1210 922 1257 978 dis
1276 922 1359 978 nosse·

644 1014 869 1084 Heilipenlrrccs.

250 1120 410 1186 Uuiuersis
442 1130 547 1188 sancte
574 1123 681 1188 hlatris
709 1125 843 1189 ecclesie
872 1125 987 1197 Filio,
1024 1121 1061 1186 ad
1092 1142 1167 1206 quos
1195 1127 1355 1205 presentes

159 1228 262 1291 littere
289 1230 502 1312 peruenerint,
533 1230 595 1294 Nos
622 1232 815 1296 miseratione
844 1230 944 1294 diuina
972 1230 1081 1296 Simon
1109 1228 1357 1313 archiepiscopus

155 1337 366 1423 pimmmnn,
401 1336 557 1404 Guillnrns
583 1339 825 1426 terpestincnsia
853 1340 1034 1421 episcopos,
1068 1338 1231 1403 Jordonns
1262 1357 1355 1402 nesr-

158 1444 266 1508 nensis
297 1444 482 1528 episcopus‚
518 1446 671 1511 Meterius
707 1447 926 1535 Golipolilom.
965 1445 1152 1529 episcopus,
1192 1443 1357 1509 Jobonnes

157 1551 341 1616 ameliensis
370 1553 555 1638 episcopus,
590 1554 776 1639 bonifacius
810 1552 1047 1619 nncitcmcnsis
1079 1551 1262 1636 episcopus,
1292 1552 1356 1616 Ro·

158 1658 265 1742 dolfus
296 1659 486 1746 siripncnsis
514 1661 695 1746 episcopus,
729 1660 893 1728 ,lohannes
921 1660 1153 1726 derinnstcnsis
1183 1660 1356 1745 episcopus,

158 1765 288 1831 Medius
315 1766 499 1832 deniensis
526 1768 687 1852 episcopus
712 1773 742 1832 et
775 1768 954 1833 Antoninus
980 1767 1166 1855 senonensis
1193 1767 1355 1851 episcopus

158 1871 287 1936 salutem
322 1873 354 1935 in
378 1872 498 1938 domino
519 1875 741 1958 sempiternam.
774 1876 829 1940 Pia
855 1880 951 1940 mater
974 1875 1105 1940 ecclesia
1132 1875 1170 1938 de
1192 1875 1354 1937 animarum

157 1980 255 2044 adole
282 1978 413 2044 sollicita
441 1981 639 2046 deuociouem
675 2027 1001 2046 ........
1042 2000 1164 2046 munera
1186 1980 1354 2063 spiritualia

156 2089 266 2152 remiss
289 2132 614 2150 ........
635 2089 844 2172 indulgencias
866 2090 994 2154 innitare
1018 2088 1177 2154 consueuit
1201 2086 1238 2150 ad
1261 2085 1352 2149 debi-

155 2200 218 2258 tum
254 2193 413 2260 famulatus
450 2195 590 2261 honorem
628 2196 685 2260 deo
718 2201 749 2260 et
778 2198 876 2262 sacris
907 2197 1015 2262 edibus
1044 2193 1291 2280 impendendum,
1322 2198 1356 2257 ut

156 2308 269 2387 quanto
294 2301 433 2367 crebrius
456 2306 487 2366 et
509 2302 650 2368 deuotius
666 2304 739 2368 illuc
756 2304 881 2369 confluit
897 2305 1025 2388 populus
1042 2303 1250 2373 christianus,
1273 2299 1352 2364 assi·

154 2410 224 2474 duis
240 2409 398 2474 saluatoris
415 2411 548 2493 graciam
564 2411 708 2495 precibus
728 2410 917 2496 implorando
933 2417 1015 2475 tauto
1032 2409 1211 2476 delictorum
1227 2428 1350 2472 suorum

154 2518 273 2582 ueniam
286 2522 317 2581 et
328 2516 454 2600 gloriam
467 2519 553 2601 regni
566 2518 691 2582 celestis
703 2521 848 2603 consequi
862 2523 1011 2583 mereatur
1024 2522 1168 2582 eternam.
1186 2514 1352 2600 Cupientes

153 2625 265 2707 igitur,
296 2631 329 2689 ut
359 2626 569 2689 monasterium
595 2634 707 2693 sancte
733 2627 838 2692 mucis
866 2626 1076 2709 religiosorum
1104 2624 1242 2689 Virorum
1272 2624 1350 2686 iuxta

159 2733 304 2806 Wienns,
320 2731 436 2796 ordinis
449 2731 659 2798 cisterciensis
673 2734 858 2818 patauiensis
874 2733 1016 2805 diocesis,
1034 2733 1176 2814 congruis
1188 2731 1352 2796 honoribus

154 2840 367 2925 frequentetur
391 2846 422 2903 et
445 2859 461 2902 a
485 2841 593 2906 christi
610 2839 749 2905 fidelibus
766 2840 879 2922 iugiter
900 2846 1081 2916 uenerator,
1108 2838 1253 2902 Omnibus
1276 2857 1350 2902 uere

152 2947 359 3031 penitentibus
376 2951 406 3011 et
422 2946 582 3021 confessis,
599 2948 650 3031 qui
666 2948 703 3012 ad
721 2947 833 3012 (lictum
851 2948 1065 3012 monasterium
1081 2948 1110 3010 iu
1128 2950 1255 3030 utroque
1271 2945 1350 3009 festo

153 3061 263 3118 sancte
280 3053 387 3119 Crucis
402 3060 433 3117 et
449 3054 477 3115 in
497 3053 563 3117 aliis
587 3056 673 3119 festis
689 3055 892 3139 infrascriptis
909 3053 1062 3127 uidelicet,
1092 3053 1208 3119 Natalis
1225 3054 1348 3126 domini,

154 3161 411 3233 Circumcisionis,
421 3159 600 3246 Epiphanio,
616 3182 692 3226 cene
704 3162 816 3225 domini
828 3181 1012 3247 parasceoes
1024 3162 1147 3247 pasche,
1166 3162 1353 3226 ascensionis

151 3273 351 3354 pentecostes
374 3268 516 3332 trinitatis
533 3267 677 3353 Corporis
700 3270 815 3335 christi.
850 3270 880 3332 ln
905 3268 1041 3334 omuibus
1062 3276 1093 3333 et
1114 3270 1240 3353 siugulis
1262 3269 1349 3334 festis

153 3377 249 3440 Beate
265 3376 358 3439 marie
375 3375 518 3457 Virginis,
550 3376 721 3441 Natiuitatis
737 3383 769 3440 et
786 3375 999 3442 decollacionis
1016 3376 1096 3441 beati
1111 3377 1256 3443 lobannis
1272 3377 1349 3461 bap-

154 3486 238 3556 tiste,
269 3483 427 3549 beatorum
449 3483 528 3567 petri
550 3488 580 3549 et
599 3484 682 3569 pauli
704 3483 906 3568 apostolorum
929 3491 960 3549 et
977 3486 1105 3548 omnium
1127 3483 1251 3549 aliorum
1280 3504 1352 3547 sau-

153 3598 270 3656 ctorum
292 3589 496 3672 apostolorum
520 3597 551 3655 et
572 3593 835 3673 evangelistarum,
859 3593 955 3656 sancti
985 3591 1141 3656 michaelis
1164 3590 1350 3673 archangeli,

153 3697 335 3763 Sanctorum
351 3699 507 3772 laurencii,
531 3699 700 3771 Vinceacii,
716 3700 867 3783 stephani,
885 3699 1007 3772 fabiani,
1025 3698 1199 3770 sebastiani,
1224 3698 1350 3780 Georgii

158 3809 190 3871 et
216 3805 325 3870 decem
353 3805 475 3870 millium
497 3805 621 3870 militum
643 3807 812 3880 Benedicti,
836 3805 989 3880 bernardi,
1018 3804 1170 3880 ambrosii,
1198 3805 1349 3890 augustini

153 3912 311 3986 leronimi,
339 3912 476 3999 Nicolay,
500 3915 631 3987 martini,
660 3914 811 3988 dominici,
834 3913 986 3987 francisci,
1008 3913 1095 3987 Sinti,
1117 3911 1211 3995 egidii
1228 3913 1351 3976 confes·

153 4040 266 4093 sorum,
284 4020 378 4085 Beate
387 4021 481 4085 marie
495 4021 681 4104 magdalene,
698 4021 845 4094 haterine,
862 4020 1046 4105 Margarete,
1063 4022 1202 4093 barbare,
1218 4019 1349 4101 agnetis,

152 4127 246 4192 husie
261 4131 370 4212 ngare,
386 4129 494 4194 cecilie
511 4129 661 4192 elizabeth
677 4129 768 4194 uidue
783 4133 815 4192 et
831 4129 970 4194 undecim
987 4130 1108 4194 millium
1127 4129 1286 4212 uirginum.
1319 4127 1350 4190 ln

154 4237 445 4302 commemoracioue
461 4236 590 4301 omniurn
607 4240 779 4300 sauctorum
795 4238 829 4298 et
844 4238 1007 4300 animarum
1025 4241 1056 4301 et
1071 4257 1126 4321 per
1143 4242 1267 4301 octauas
1283 4234 1350 4299 dic·

152 4348 246 4407 tarum
259 4344 467 4417 iestiuitatum,
484 4347 608 4408 cetauas
619 4342 798 4407 habencium
809 4363 898 4406 causa
912 4345 1100 4417 deuocionis,
1113 4343 1350 4429 autpcrcgrina·

153 4450 249 4515 sionis
267 4452 470 4523 accesserint,
498 4449 563 4516 Nec
581 4471 657 4523 non,
674 4451 725 4535 qui
742 4448 779 4513 ad
796 4450 960 4529 fabricam,
983 4451 1155 4526 luminaria,
1178 4454 1349 4517 ornamenta

154 4559 203 4620 aut
221 4559 329 4643 quems
353 4559 410 4622 alia
437 4558 519 4624 dicto
536 4559 719 4624 monasterio
742 4558 915 4623 necessaria
939 4580 1044 4624 manus
1060 4561 1248 4643 porrexerint
1264 4558 1351 4621 adiu·

156 4664 257 4741 trices,
273 4664 333 4729 Vel
350 4666 401 4750 qui
418 4666 448 4729 in
464 4665 661 4732 dedicacione
677 4664 809 4750 predicti
826 4669 998 4732 monasterii
1016 4668 1064 4732 uel
1079 4667 1156 4731 infra
1172 4672 1297 4732 octauas
1313 4664 1350 4728 ad
