3192 5342
1223 516 1301 589 349

117 688 146 747 et
160 683 243 748 Pauli
265 682 478 768 Apostolorum
506 684 573 749 eins
599 704 633 749 se
657 684 777 749 nouerit
797 685 997 753 incursurum.
1038 688 1146 755 ilatum
1165 692 1302 764 Wiemre,

14 850 15 859 ,
112 794 311 860 Potorsiensis
325 794 458 860 diocesis
474 793 522 875 iijl
537 793 687 861 Kalendas
710 795 829 865 ldartii.
854 795 1048 861 Pontificense
1064 799 1254 865 sanctissimi
1271 803 1302 866 in

14 958 16 1021 ἶ
112 903 225 969 Christo
244 906 340 969 Patris
364 910 395 968 et
416 904 529 969 domini
546 905 658 976 nostri.
683 903 803 969 Domini
823 905 952 983 Vrdooi,
977 905 1077 971 diuino
1106 909 1303 991 prouideneia

14 1028 15 1039 ¹
112 1016 188 1098 Papo
205 1015 302 1087 Serti,
318 1033 395 1078 anno
411 1020 527 1098 quarto.

175 1156 297 1227 Origine}
310 1157 359 1212 anf
369 1156 526 1225 Pergameni
537 1155 585 1211 mit
597 1154 698 1227 Sispel.

634 1352 767 1435 occu.

107 1512 176 1585 lton,
188 1511 234 1569 il.
248 1510 376 1582 dobner,
388 1509 473 1569 Uien.
486 1541 524 1552 —
536 1511 597 1565 Der
612 1507 856 1579 cardinal-depol
866 1510 963 1565 Pilcue
975 1512 1142 1583 amoeniam
1160 1514 1207 1571 die
1219 1517 1302 1574 Adici

14 1638 16 1685 3
105 1602 324 1671 Hcilipcnltreua
349 1602 396 1657 dic
419 1603 466 1657 idr-
493 1602 687 1672 incorporirte
710 1599 819 1673 Pforrc
842 1600 939 1657 Alond
963 1603 1054 1658 ducar
1076 1605 1124 1659 ido·
1145 1606 1301 1680 pesdllipen

530 1691 656 1748 Petam
668 1709 705 1746 aas
718 1690 873 1747 veridicos

188 1824 301 1888 Pilcus
318 1822 516 1886 miseracione
539 1822 639 1884 diuina
655 1819 733 1885 tituli
751 1820 864 1884 Sancte
883 1820 1025 1886 Praxedis
1042 1822 1206 1909 presbyter
1223 1826 1298 1891 Car-

105 1932 207 1996 dinalis
232 1933 269 1995 ad
294 1932 371 1995 inira
392 1932 504 2014 scripta
522 1931 691 2015 Apostolica
716 1931 896 1995 auctoritate
913 1930 1051 1996 sulinltus
1068 1933 1194 1997 Dilectis
1213 1933 1298 2000 nobis

102 2042 129 2104 in
144 2040 267 2105 Christo
283 2040 391 2104 notati
403 2039 571 2104 Conuentnl
585 2038 759 2103 Monasierii
775 2038 895 2106 Sancte
911 2040 1023 2107 Crucis
1039 2040 1162 2106 Ordinis
1179 2041 1299 2108 Cister-

101 2151 208 2213 ciensis
234 2149 438 2214 Patouiensis
461 2147 593 2211 diocesis
615 2147 741 2212 salutem
766 2147 796 2211 in
820 2147 958 2213 Domino.
992 2148 1174 2215 Deuocionis
1198 2159 1298 2217 vestre

101 2258 259 2323 sinceritas
266 2255 704 2341 premeritnr‚rtrntisvestris,
712 2257 989 2341 qnantnmcomode
998 2259 1296 2341 possumus,iauora-

27 2408 30 2415 «
101 2364 197 2431 bilitas·
215 2367 392 2430 adnuamns.
407 2364 481 2430 llinc
498 2370 555 2437 est,
569 2365 648 2450 qnod
665 2383 719 2428 nos
735 2366 846 2429 vestris
859 2364 1137 2449 supplicacionilsus
1153 2366 1299 2443 inclinati,

101 2482 129 2538 rt
154 2473 362 2558 parochialem
390 2472 551 2537 eeclesiam
575 2472 681 2537 Sancti
709 2473 837 2554 Georgii
866 2474 895 2536 in
918 2473 1033 2540 dioclet
1061 2474 1142 2540 dicte
1163 2476 1297 2542 diocesis

100 2583 182 2647 rolris
200 2586 234 2646 el
250 2587 353 2646 restro
370 2581 555 2646 dinnasterio
576 2583 796 2666 incorporatam
820 2585 852 2645 et
875 2581 985 2645 vnitam
1001 2583 1090 2646 alieni
1106 2582 1296 2669 presbytero,

100 2690 245 2773 religioso
279 2690 326 2755 vel
353 2689 502 2763 seculari,
530 2688 567 2754 ad
596 2688 711 2754 firmam
735 2690 781 2753 rel
805 2709 932 2754 annuam
954 2690 1129 2775 pensionem
1157 2691 1228 2758 huie
1257 2694 1295 2758 ad

101 2819 207 2863 annom
231 2800 332 2864 locare
355 2798 499 2869 valeatis,
528 2795 614 2862 vobis
638 2798 818 2863 auctoritate
840 2796 1030 2882 apostolica,
1059 2819 1117 2885 qna
1133 2800 1296 2882 fungimur,

98 2915 203 2972 tenore
235 2907 429 2990 presencium
459 2907 658 2990 indulgemus.
698 2907 777 2971 Nulli
801 2926 877 2989 crgo
899 2906 1051 2972 hominurn
1078 2907 1188 2980 liccat.
1217 2908 1295 2974 hanc

99 3017 237 3100 paginam
261 3017 354 3079 nostri
381 3014 488 3079 indulti
509 3016 695 3098 infringere,
724 3016 771 3080 vel
794 3017 823 3080 ei
850 3036 925 3082 ausu
948 3019 1108 3082 temerario
1133 3019 1293 3081 contraire.

98 3123 214 3208 Siquis
240 3131 339 3189 autem
364 3124 422 3188 hoc
447 3130 630 3208 attemptare
658 3126 904 3210 presumpserit.
932 3126 1175 3208 indignacionem
1198 3126 1295 3189 omni·

98 3234 230 3318 potentis
247 3233 304 3297 Dei
332 3238 364 3298 et
386 3232 540 3297 beatorum
557 3234 641 3298 Petri
665 3241 695 3297 et
712 3234 795 3298 Pauli
813 3235 1025 3318 Apostolorum
1043 3233 1108 3297 eius
1125 3255 1160 3298 se
1178 3235 1295 3298 nouerit

98 3343 296 3407 incursurum.
337 3341 443 3405 Datum
483 3342 632 3416 menne,
660 3344 866 3409 Potouienot's
893 3343 1026 3408 diocesis
1056 3342 1105 3426 iij⁰
1135 3342 1288 3407 Kalendas

97 3452 215 3526 llartii,
243 3448 438 3515 Pontificatus
460 3450 651 3516 sanctissimi
678 3453 709 3517 in
731 3451 852 3517 Christo
881 3453 979 3517 Patris
1004 3460 1036 3516 ct
1063 3449 1176 3515 domini
1198 3452 1293 3517 nostri

97 3559 213 3626 Domini
234 3560 350 3627 Vrboni
364 3559 463 3623 diuina
478 3561 675 3644 prouidencia
692 3561 773 3645 Papa
789 3561 868 3626 sexti
885 3580 961 3625 anno
977 3565 1094 3645 quarto.

164 3701 285 3772 ⁰¹58le
299 3703 346 3758 aul
357 3702 515 3772 Pergameni
526 3703 573 3756 mit
586 3702 686 3774 Siegel.

610 3889 762 3971 cecili.

14 3962 16 3991 Ι

14 4068 16 4119 p
96 4037 169 4109 lm,
181 4038 209 4099 θ.
218 4038 293 4109 lul,
304 4037 379 4096 lion.
392 4066 428 4077 -
441 4036 531 4110 Popst
547 4034 644 4091 Urdon
662 4037 708 4091 VI.
721 4035 852 4104 turmot
864 4035 916 4090 der
927 4033 1011 4090 Adtei
1022 4032 1241 4101 licilipeoltreuz
1254 4033 1292 4087 im

366 4126 558 4197 Alipeaseiners
569 4126 627 4181 olle
639 4127 745 4182 Reclste
757 4125 819 4180 aad
830 4124 1002 4180 stetteiten.

184 4258 332 4324 Urbanos
364 4257 528 4341 episcopua
559 4275 668 4320 seruus
696 4274 853 4319 seruorum
881 4252 940 4318 dei.
981 4252 1107 4316 llilectis
1129 4250 1227 4315 liliis.
1264 4299 1272 4315 .

14 4348 16 4377 '
96 4366 199 4431 Abbati
215 4371 248 4432 et
264 4364 433 4430 Conuentni
451 4364 627 4429 Menanterii
642 4364 681 4427 de
691 4363 815 4429 &noto
830 4363 931 4427 Cruoe
941 4360 1158 4424 cisterciensis
1175 4360 1290 4424 ordinis

14 4456 16 4543 ξ
95 4474 281 4540 Pataniensis
289 4472 422 4539 diocesis
429 4471 563 4537 Salutem
573 4469 806 4557 etopostolioarn
816 4469 1070 4535 benedictionem.
1088 4468 1160 4532 Com
1173 4489 1188 4531 a
1203 4465 1289 4531 nobis

13 4606 16 4655 ς
95 4586 212 4666 petitor,
228 4580 311 4669 quod
326 4583 436 4646 instnm
453 4585 502 4644 est
518 4587 549 4645 et
565 4579 734 4653 honestum,
750 4586 809 4644 tem
827 4581 914 4663 uigor
930 4578 1074 4662 equitatis
1090 4597 1178 4661 quam
1196 4577 1287 4642 etiam

14 4666 16 4779 i
95 4693 163 4756 ordo
180 4692 275 4775 erigit
289 4690 431 4763 rationis,
454 4696 487 4753 ut
503 4690 533 4753 id
551 4709 606 4774 per
622 4687 856 4755 sollicitudinem
872 4687 964 4779 oflicii
983 4686 1078 4751 nostri
1095 4686 1132 4749 ad
1149 4684 1283 4749 debitum
