3192 5342
1237 516 1317 592 209

122 677 200 743 bunc
211 677 332 743 modum
345 676 433 742 nobis
445 677 540 741 maior
553 676 715 743 difficultas
730 683 909 753 emerserat,
921 700 978 744 noc
990 699 1111 745 causam
1119 680 1201 746 illam
1214 683 1316 749 debito

15 799 16 866 1
121 788 179 851 tine
195 788 400 854 determinare
416 787 582 872 potuimus,
604 789 703 872 ipsam
719 787 839 853 domiuo
868 793 971 854 nostm
992 790 1094 857 Vlrico
1116 790 1155 856 da
1174 793 1319 880 Wolffcrt

121 896 229 963 comiti
247 897 454 971 1111111111ιεί,
474 896 696 983 Saproniarars‘,
715 897 933 983 Coabifmci,
950 918 1008 964 nec
1023 919 1083 964 non
1100 899 1270 966 Castellano
1286 903 1316 967 in

123 1004 377 1072 0111111111
400 1004 430 1067 ia
452 1004 576 1087 scriptis
593 1003 832 1077 notificandum,
861 1005 974 1091 quiquo
997 1026 1063 1070 eam
1085 1008 1122 1072 ad
1146 1007 1316 1092 predictum

122 1115 274 1179 dominum
301 1118 435 1178 nostrum
452 1113 565 1198 Regem
590 1115 770 1180 Lodaricum
792 1114 951 1188 deserens,
983 1115 1164 1204 Superque
1186 1116 1316 1204 denique

121 1245 211 1290 causa
236 1224 317 1290 idem
341 1222 478 1287 dominns
493 1224 556 1288 Rex
571 1244 628 1288 rna
644 1241 711 1288 cnm
728 1226 796 1309 ipso
817 1224 934 1298 Wrico,
961 1228 1026 1290 sois
1052 1244 1173 1314 quoque
1190 1227 1316 1293 consili·

122 1334 193 1399 ariis
209 1338 242 1398 et
257 1332 365 1397 aulicis
380 1332 458 1397 banc
474 1335 653 1397 sententiam
670 1333 888 1411 decreuerunt,
913 1334 1009 1419 qood,
1024 1336 1050 1399 si
1066 1334 1208 1401 uidelicet
1223 1357 1316 1423 sape·

121 1445 233 1510 dictum
246 1443 461 1509 bionastarium
473 1443 504 1507 io
516 1443 663 1528 predictis
679 1445 769 1509 metis
783 1445 862 1508 inira
875 1443 1082 1529 Quadraginta
1099 1465 1192 1511 annos
1208 1446 1316 1514 ordina

120 1555 279 1621 iudiciario
296 1574 355 1618 uon
371 1558 454 1618 esset
469 1553 643 1639 impeditum
660 1560 692 1619 et
708 1575 760 1619 eas
776 1553 905 1639 proiice
919 1555 1083 1630 tenuisset,
1100 1555 1196 1645 quod,
1212 1558 1239 1621 si
1255 1556 1315 1623 boc

121 1663 323 1751 prouinciales
339 1668 371 1727 at
385 1662 485 1736 ricini,
502 1662 612 1748 quibus
624 1663 757 1748 expedit,
772 1665 950 1739 faterentur,
967 1668 1041 1729 tunc
1055 1664 1115 1750 ipsi
1130 1665 1314 1731 Monosterio

120 1782 231 1841 rande
248 1774 359 1841 0111111
373 1773 459 1858 prius
475 1772 556 1838 dicto
571 1778 668 1837 metas
683 1778 864 1837 memoratas
879 1772 1024 1838 innouaro
1040 1771 1239 1849 deberemus,
1267 1776 1315 1842 sin

121 1890 218 1949 autem
235 1883 403 1969 impetitum
421 1891 515 1956 esset,
532 1886 564 1946 ut
579 1882 750 1967 prefertur,
778 1887 850 1948 tunc
866 1883 903 1948 ad
919 1889 1051 1949 nostram
1067 1884 1315 1950 informacionem

121 1995 206 2077 ragio
234 1991 349 2057 indicio
373 1995 456 2057 esset
483 1992 578 2056 omnis
600 1991 652 2057 ilia
673 2011 765 2057 causa
780 1992 974 2058 raseruauda.
1010 1993 1314 2060 1111111111-

119 2107 211 2169 tatem
226 2100 401 2187 inquirendi
416 2105 569 2185 magestas
589 2102 678 2185 regia
694 2100 782 2166 nobis
796 2102 969 2175 recomisit,
998 2106 1030 2165 ot
1043 2104 1172 2168 termino
1196 2105 1235 2170 ad
1253 2103 1313 2169 boc

120 2216 232 2278 statuto
249 2232 323 2296 pars
346 2208 497 2284 aduersa,
520 2209 664 2278 videlicet
681 2211 836 2300 Georyias
853 2210 955 2278 Gorcb
979 2217 1010 2276 et
1029 2211 1228 2286 Valentinus,
1255 2233 1314 2280 uec

119 2342 174 2407 per
189 2343 242 2393 se,
266 2340 326 2385 uec
341 2339 397 2403 per
411 2338 498 2385 suum
520 2320 668 2405 ydoneam
695 2320 864 2406 comperuit
878 2319 1102 2406 responsalem,
1133 2319 1183 2386 rbi
1209 2320 1313 2388 debita

119 2431 323 2518 inquisicione
343 2432 422 2494 iacta
449 2429 487 2494 ab
515 2430 651 2496 omnibus
672 2428 911 2516 prouincialibus
935 2430 1041 2498 ricinis
1065 2433 1157 2516 atque
1176 2431 1312 2497 vittarum

15 2547 16 2626 i
119 2540 288 2607 bominibus
304 2538 460 2606 uobiscum
476 2539 673 2604 existentibus
690 2558 795 2603 omues
811 2540 861 2604 isti
879 2539 916 2604 ad
933 2540 1156 2605 conscienciam
1173 2540 1312 2606 attidem

118 2654 274 2737 ipsorum,
287 2648 375 2736 quasi
398 2668 456 2714 roo
481 2667 536 2714 ore
553 2649 708 2722 dixerunt,
725 2648 805 2736 prod
821 2666 878 2712 nec
894 2668 1022 2735 mquam
1038 2649 1226 2721 audiueriut,
1254 2670 1312 2716 ner

118 2761 190 2845 ipsis
207 2757 399 2830 constiterit,
427 2757 507 2846 quod
531 2777 607 2843 sape
633 2759 744 2824 dictum
768 2757 983 2824 ilonastsrium
1009 2766 1122 2826 macte
1145 2760 1257 2826 Graccis
1279 2760 1311 2824 in

118 2869 288 2954 premissis,
304 2874 338 2932 ut
352 2866 531 2953 predicitur,
547 2873 631 2933 essct
646 2868 822 2954 impetitum.
854 2869 900 2933 oe
914 2869 1068 2936 Naara'dcl
1082 2868 1217 2953 potiores
1234 2888 1312 2953 qoo-

117 2999 174 3065 que
197 2977 259 3043 boc
283 2976 430 3042 dixerunt
465 2976 537 3041 ltam
553 2977 591 3041 ad
608 2975 688 3041 idom
704 2976 742 3042 de
758 2975 829 3042 viiia
850 2978 997 3063 Wnydcrr,
1013 2977 1053 3043 dc
1067 2979 1245 3066 poterdorf,
1270 2977 1310 3043 de

121 3089 231 3162 decb,
260 3086 501 3171 dekmcadorf,
527 3085 568 3151 de
583 3086 761 3172 Zarndorf,
786 3086 825 3151 de
842 3088 939 3161 Gela,
963 3086 1002 3151 ds
1025 3086 1094 3152 vilia
1111 3085 1149 3151 ad
1164 3095 1309 3153 1111111111

118 3197 312 3269 Jcbcnncnr,
340 3200 372 3259 et
397 3196 493 3262 ceteri
514 3213 602 3280 qnam
623 3193 727 3279 pluras
750 3195 888 3262 heminas
916 3195 977 3261 tide
1001 3194 1096 3281 digni.
1127 3194 1189 3261 Nos
1216 3197 1310 3281 igitur

116 3307 252 3373 volentes
275 3304 422 3371 mandatio
448 3304 542 3388 regiis
571 3302 698 3369 firmiter
724 3304 870 3377 obedire,
898 3310 1100 3380 atteramur,
1130 3309 1310 3371 memoratas

117 3420 210 3480 metas
226 3413 404 3479 bionasterii
419 3420 529 3480 macto
544 3414 654 3480 Gracia
670 3434 744 3498 sepe
764 3417 869 3501 sapius
891 3414 966 3480 dicti
987 3413 1151 3481 secundom
1173 3418 1309 3479 tenorem

118 3525 163 3588 sui
178 3523 336 3609 Priuilagii
359 3522 548 3589 inouaoimos
567 3523 762 3609 presentibus
787 3529 819 3588 et
838 3524 994 3589 innuamus
1021 3524 1201 3590 authoritate
1224 3525 1310 3609 rogia

117 3634 202 3698 nobis
214 3633 349 3719 desuper
359 3629 468 3698 tradita
482 3638 514 3697 et
524 3651 682 3698 concessa.
706 3631 740 3696 ln
753 3634 838 3699 cuius
849 3633 897 3698 rai
908 3633 1099 3699 euidoaciam
1111 3633 1309 3699 certissimam

121 3748 230 3817 nosne,
247 3741 393 3808 videlicet
407 3743 557 3830 Radolffi,
573 3741 754 3810 Sobctebob
775 3746 809 3808 ct
824 3744 963 3830 Npcoloi
976 3743 1179 3829 predictorum
1199 3741 1309 3824 Sigiila

118 3852 308 3936 precantibus
335 3858 406 3917 suut
427 3870 570 3938 appensa.
607 3851 759 3937 Scriptum
784 3872 861 3917 anno
883 3851 994 3917 domini
1011 3850 1169 3917 ditissimo
1186 3850 1306 3917 ccc-⁰.

121 3962 394 4049 Quinquagesimo,
422 3963 556 4047 proxima
581 3962 683 4047 quinta
710 3962 787 4026 teria
814 3966 884 4045 post
910 3959 1042 4026 Octauas
1066 3960 1308 4047 Eppphaniarum

120 4072 244 4138 bomini.

189 4216 306 4291 Origine!
319 4218 368 4273 ant
376 4219 541 4289 Pergamant,
554 4216 650 4273 (111111
662 4215 717 4271 drei
731 4215 820 4289 Siogei
833 4216 929 4273 fabian.

15 4911 16 4944 p
159 4867 242 4915 Fontes
254 4870 322 4917 notu
334 4871 360 4916 ib
372 4870 414 4916 Bd,
425 4869 482 4916 xvi.
