3192 5342
1206 513 1283 585 403

668 685 709 762 ΙΙ.

99 825 171 897 1³⁰³,
185 825 231 884 24.
242 825 397 899 december,
406 823 491 886 With.
511 858 544 867 -
567 827 682 883 dourad
694 827 757 895 111,
771 826 946 902 Ende‘aedof
952 845 1008 883 oon
1017 826 1172 900 Solsdarp,
1186 829 1286 900 hecus-

100 920 175 986 trost
186 919 286 974 seim
301 918 431 975 Vieedon
442 936 479 973 ss
492 917 644 988 Solahurq,
662 918 713 974 dos
725 918 957 975 Nonnenkloater
972 937 1011 975 su
1027 920 1071 975 St.
1091 919 1231 976 Nicotaus
1253 919 1284 974 in

104 1007 183 1065 Wien
202 1009 236 1064 in
252 1009 317 1066 den
333 1010 392 1065 ten
409 1027 465 1066 von
486 1009 611 1067 ammo
630 1010 807 1082 Erahr'echos
821 1010 971 1067 Edon-hard
988 1011 1027 1066 11.
1051 1010 1100 1082 (Ἰ)
1118 1010 1285 1083 hewtllipten

259 1098 434 1171 &ladam
446 1117 502 1157 von
513 1100 566 1157 der
577 1100 807 1171 salaharqiechen
819 1101 919 1158 Saline
930 1118 968 1157 aar
980 1102 1123 1159 reamare

187 1227 374 1294 &marociam
400 1229 450 1294 dei
480 1231 583 1312 gracia
615 1235 719 1294 sancte
749 1230 992 1320 Solchorpensr's
1023 1232 1283 1316 archiepiscopus,

98 1337 264 1422 apostolice
279 1338 363 1403 sedis
379 1340 506 1422 legatos,
524 1339 712 1404 vicedomino
729 1359 783 1404 son
799 1341 1040 1427 Salohorpcnsi‚
1064 1343 1114 1424 qui
1136 1361 1191 1425 pro
1207 1347 1283 1405 tern-

98 1467 170 1532 pore
183 1447 286 1519 inerit,
298 1450 430 1530 graciam
442 1470 525 1515 snam
539 1459 570 1512 et
582 1468 669 1513 omne
680 1449 799 1513 honam.
818 1448 1006 1514 Venerabilis
1021 1452 1052 1513 in
1065 1449 1177 1514 christo
1190 1457 1286 1534 pater,

96 1556 232 1621 dominns
248 1558 463 1632 Eberhardos,
480 1558 684 1644 predecessor
700 1566 802 1624 noster
823 1559 923 1623 felicis
947 1559 1090 1623 memorie
1114 1559 1284 1644 archiepis·

97 1685 190 1750 copus
205 1666 458 1754 Solshorpenais,
475 1666 593 1732 dilectis
610 1668 641 1731 in
656 1667 772 1733 christo
784 1667 945 1733 Ahhatisse
962 1672 993 1731 et
1008 1665 1174 1732 Conoentui
1187 1668 1288 1732 Sanc-

97 1773 291 1838 iimonialinnr
318 1774 492 1840 hionasterii
521 1775 626 1839 Sancti
652 1774 770 1839 Nicoiai
798 1776 828 1839 in
845 1776 977 1841 Austris
1004 1795 1099 1861 prope
1124 1778 1287 1843 Wreronom

98 1881 209 1945 ordinis
239 1882 450 1948 cisterciensis
477 1890 602 1969 propter
627 1884 760 1967 ipsarum
785 1884 1020 1949 sanctimoniam
1044 1892 1074 1948 et
1095 1893 1198 1949 sancte
1224 1886 1286 1949 rite

97 1990 202 2054 merita
226 1990 394 2076 salutisque
417 1998 564 2078 perpetue
587 1990 625 2057 oh
648 1998 819 2077 respectum
836 1992 1032 2058 donacionem
1050 1992 1195 2076 qnondam
1212 1994 1287 2058 iecit

98 2100 220 2165 dnarnm
246 2100 388 2167 lihrarom
411 2103 482 2168 nudi
504 2104 575 2167 sniis
600 2103 639 2168 de
654 2103 745 2167 salina
761 2107 863 2167 nostra
880 2103 963 2167 annis
985 2102 1125 2186 singuiis,
1148 2103 1287 2188 quamdin

98 2211 262 2283 domuerit,
279 2210 498 2277 soluendamnr.
524 2212 616 2277 coins
634 2212 809 2277 donacionis
826 2210 1004 2276 heneficium
1020 2215 1158 2295 pretextu
1182 2212 1286 2276 salutis

99 2320 245 2393 eiusdem,
261 2319 342 2405 quod
356 2319 436 2385 idem
452 2321 588 2386 dominns
603 2322 811 2388 cossardus
826 2325 964 2403 tempore
986 2320 1115 2385 institnit
1135 2322 1286 2405 primario,

99 2434 192 2493 ratum
209 2433 242 2493 et
257 2435 374 2511 gratnm
389 2428 536 2494 hahentes
560 2450 634 2496 eece
651 2430 810 2496 denocioni
831 2435 883 2495 toe
904 2429 1009 2494 damas
1025 2430 1217 2513 presentibus
1235 2429 1289 2494 iir-

99 2538 187 2602 miter
202 2541 233 2602 in
248 2537 412 2612 mandatis,
435 2544 581 2623 patenas
605 2538 851 2624 quandocumque
872 2539 949 2604 certi
964 2538 1064 2603 nuncii
1086 2536 1241 2604 ahhatisse
1258 2546 1289 2605 et

100 2645 270 2712 Consentes
285 2647 488 2731 predictarum
504 2667 639 2713 sororum
653 2648 688 2712 ad
702 2652 733 2712 te
745 2648 891 2721 venerint,
909 2647 1018 2712 donum
1030 2647 1102 2711 sniis
1115 2646 1285 2711 huiusmodi

101 2762 310 2840 exposcentes,
338 2757 414 2842 ipsis
441 2756 592 2841 precipias
608 2762 640 2820 et
662 2756 794 2829 ordines,
818 2755 997 2841 rhicomqne
1017 2756 1172 2827 inarimos,
1189 2754 1287 2820 lihere

101 2866 261 2950 assignari.
297 2863 417 2951 coppas
441 2866 520 2929 eninr
543 2884 600 2948 per
623 2884 658 2930 sa
678 2864 830 2930 habehant
846 2873 877 2930 et
893 2866 989 2930 omnis
1006 2866 1043 2930 ad
1060 2863 1287 2930 contundendos

102 2975 179 3040 sales
201 2975 395 3047 necessaria,
416 2975 446 3038 in
471 2974 577 3059 quihus
601 2993 723 3039 sorores
746 2973 880 3058 prefatas
904 2994 959 3038 sen
977 2975 1102 3039 nuncios
1118 2974 1287 3039 earumdem

103 3086 237 3150 nolumus
259 3085 446 3170 aliquatenus
471 3083 628 3168 impediri„
644 3090 676 3147 et
696 3084 751 3146 has
773 3082 900 3155 litteras,
917 3103 953 3147 ex
969 3103 1027 3169 qno
1042 3082 1098 3148 tihi
1114 3090 1288 3168 presentate

102 3194 227 3266 inerint,
256 3193 367 3258 reddas
391 3193 507 3257 eisdem
534 3192 739 3257 occassionem
766 3193 796 3256 in
819 3190 993 3264 aduersum,
1021 3192 1081 3256 nisi
1102 3193 1141 3256 de
1162 3194 1287 3277 speciali

101 3303 237 3367 mandato
253 3309 354 3367 nostro
370 3301 538 3366 nullatenus
560 3301 738 3365 habitorum.
764 3298 873 3365 Datum
896 3302 1027 3367 Weennc
1047 3301 1124 3367 VIIII
1138 3301 1285 3367 haiendas

103 3412 232 3476 ianuarii
248 3432 325 3477 anno
341 3412 451 3476 domini
468 3410 627 3475 hiihlesimo
642 3410 856 3474 trecentesimo
873 3410 979 3475 tercio.

172 3535 291 3609 original
304 3536 352 3591 ani
361 3535 456 3607 Papiar
468 3534 515 3591 mit
528 3535 627 3607 Siegei.

534 3694 536 3697 ’
659 3713 719 3796 nr.

105 3862 173 3935 liu,
197 3863 225 3921 8.
253 3861 383 3924 aanor.
399 3894 432 3903 -
455 3861 529 3928 arro,
543 3860 671 3917 Hadaran·
682 3864 732 3917 cte.
745 3858 792 3915 die
805 3858 883 3916 moto
894 3874 948 3915 von
965 3857 1198 3933 Wettheirradorf
1206 3858 1289 3917 dher-

106 3951 191 4009 lmen
214 3953 279 4010 aen
291 3951 517 4008 Noassakloater
529 3952 572 4007 st.
586 3949 723 4006 Nicolaroe
743 3966 780 4005 aa
798 3949 882 4005 Wicn
894 3950 964 4005 mci
981 3950 1076 4005 hedera
1093 3966 1129 4004 sa
1151 3950 1287 4006 Ocharius

173 4043 234 4101 and
245 4044 329 4100 dues
343 4043 427 4100 Geld-
439 4042 500 4099 esd
514 4041 742 4098 Gctrea'dcdicart
754 4059 792 4097 aa
802 4041 939 4096 Pirehcek
957 4040 1001 4095 ola
1012 4042 1101 4114 [reice
1112 4041 1212 4111 Eiaen.

188 4173 241 4238 ich
256 4173 330 4238 oce
345 4173 400 4236 der
414 4174 500 4238 Floit
516 4191 572 4236 ron
588 4169 883 4255 wettkeindorfrnd
900 4169 948 4233 ich
965 4170 1109 4234 Hodmor
1124 4168 1179 4232 der
1190 4168 1290 4241 Floit,

109 4283 156 4348 des
171 4289 379 4367 vorgenanten
399 4281 492 4348 Otten
507 4300 562 4344 svn
579 4280 636 4345 rnd
653 4280 701 4343 ich
720 4278 837 4366 Georr'p
853 4277 908 4342 der
925 4278 1027 4350 Fhie,
1049 4277 1103 4341 des
1118 4297 1290 4361 vorgenan-

108 4398 151 4456 ten
169 4395 264 4459 Ottcn
276 4399 363 4458 veter
378 4392 438 4458 and
454 4392 501 4456 ich
517 4391 673 4478 Morprct,
690 4387 746 4452 der
761 4393 969 4468 rorgenanten
985 4386 1111 4452 Floa'terr
1128 4387 1213 4451 nittei
1229 4387 1288 4452 and

109 4501 152 4565 ich
166 4503 326 4569 Hertneid
345 4503 373 4566 ir
394 4504 492 4574 niort,
515 4499 671 4581 rergehen
695 4518 731 4562 an
754 4496 850 4561 disem
866 4494 930 4560 hrii
941 4494 1000 4561 rnd
1016 4501 1086 4560 tuen
1104 4496 1196 4560 chont
1212 4493 1289 4559 allen

108 4611 168 4685 den,
183 4612 214 4676 di
229 4610 261 4676 in
278 4611 424 4676 ansehent
436 4611 511 4675 oder
525 4611 633 4674 horent
645 4609 741 4680 desen,
758 4606 788 4671 di
809 4626 848 4670 nn
864 4604 947 4669 iehnt
963 4604 1021 4669 vnd
1035 4604 1169 4668 hernach
1182 4603 1289 4667 chrnf-

109 4722 162 4786 tich
178 4723 248 4795 sint,
267 4721 324 4785 dar
341 4720 398 4784 wir
413 4720 467 4783 mit
482 4724 602 4803 gretem
619 4715 719 4780 wilien
735 4716 795 4780 and
812 4716 865 4778 mit
879 4733 971 4779 roser
986 4718 1092 4778 rrernt
1107 4718 1165 4787 rat,
1182 4732 1219 4777 ne
1234 4713 1290 4777 der

1015 4840 1075 4896 260
