3192 5342
297 473 374 546 348

296 647 429 713 ecclesie
444 650 475 713 in
490 651 585 716 Aleti
601 652 757 736 pertinere
771 652 956 724 dinoscitur,
979 657 1130 715 rectorem
1147 650 1328 731 instituimus
1344 669 1401 734 per
1415 669 1487 733 pre·

294 764 417 829 sentes,
458 760 615 843 ipsumque
646 761 675 823 in
707 779 868 843 personam
898 758 1003 825 dilecti
1033 761 1062 823 in
1094 760 1209 825 cbristo
1238 759 1388 827 Heirorici
1418 758 1490 823 dicu'

294 865 481 954 Sebusls‘rog,
505 868 607 931 clerici
622 868 823 933 Potaoiensis
837 868 1045 950 procuratoris
1060 867 1156 950 ipsios
1177 869 1280 930 fratris
1302 867 1432 933 Nicolos‘
1454 866 1491 930 ad

295 973 353 1036 boc
364 974 501 1053 legitime
511 976 665 1039 constituti
680 996 737 1060 per
747 976 855 1040 librum
871 976 1051 1040 innectimus
1067 975 1312 1059 pronominaliter
1328 974 1367 1038 de
1383 974 1491 1038 eadem

296 1081 405 1146 Curam
431 1085 594 1148 animarum
623 1104 659 1150 ac
681 1085 719 1149 ad
747 1085 964 1149 institutionem
993 1086 1191 1169 spiritualium
1220 1089 1252 1148 et
1279 1083 1491 1167 temporalium

294 1190 390 1275 ipsius
423 1192 645 1256 committentes
672 1193 789 1265 eidem;
829 1192 929 1275 Quare
963 1192 1141 1258 discretioni
1167 1199 1219 1258 tue
1245 1192 1430 1257 comittimus
1459 1195 1492 1254 et

295 1297 478 1370 mandamus,
495 1299 633 1384 quatinus
649 1299 778 1363 eundem
793 1300 916 1393 fratrem
929 1301 1097 1367 Nicolaum
1113 1301 1143 1363 in
1159 1299 1347 1383 corporalem
1364 1318 1494 1385 posses-

296 1407 412 1470 sionem
430 1406 570 1490 predicte
595 1406 728 1473 ecclesie
745 1409 775 1472 in
791 1409 902 1481 dietis,
919 1429 954 1473 ac
971 1411 1100 1474 omnium
1124 1410 1231 1473 lorium
1248 1416 1279 1472 et
1294 1407 1496 1492 pertinentia·

295 1534 360 1577 rum
377 1514 472 1599 ipsios
488 1514 613 1580 inducas
637 1522 667 1580 ct
688 1516 835 1581 delendas
852 1518 1021 1589 inductum,
1044 1519 1162 1583 faciens
1184 1517 1242 1581 sibi
1266 1518 1305 1581 de
1328 1515 1494 1589 fructibus,

296 1622 483 1695 redditibus,
500 1625 697 1707 proueub'bus
716 1671 725 1697 ,
742 1625 859 1691 iuribus
875 1631 906 1689 et
922 1626 1159 1691 obuencionibus
1176 1626 1324 1690 vniuersis
1340 1623 1378 1688 ad
1396 1625 1495 1708 ipsam

295 1731 704 1815 spectantibusabomnibus,
712 1753 838 1818 quorum
847 1736 1113 1817 interestiotegre
1120 1734 1310 1820 responderi.
1329 1733 1497 1797 Contradi-

296 1846 436 1904 ctoreset
444 1839 577 1906 rebelles
585 1847 764 1908 auctoritate
772 1852 875 1909 nostra
888 1864 1106 1927 percensuram
1119 1844 1358 1908 ecclesiasticam
1366 1842 1500 1911 firmiter

298 1950 531 2031 compescendo.
568 1952 675 2016 Datum
692 1955 845 2026 Potcuic,
868 1953 918 2016 die
934 1952 1050 2034 xxviiij⁰
1064 1955 1176 2016 mensis
1193 1952 1265 2017 iulii
1281 1955 1366 2019 inno
1384 1950 1502 2016 domini

296 2055 466 2131 lllillesimo,
481 2059 724 2133 Trecentesimo,
741 2062 948 2144 octuagesimo
965 2062 1073 2145 primo.

369 2202 486 2273 Origine!
499 2205 548 2258 auf
557 2205 716 2273 Pergameni
727 2206 774 2260 mit
786 2207 999 2277 secret-Siegel.

835 2384 953 2469 CCCI.

296 2526 377 2601 litt,
396 2528 439 2587 tl.
452 2528 584 2602 istrum,
607 2530 692 2590 vien.
706 2561 742 2571 -
755 2531 816 2585 Der
829 2530 1082 2601 cardinal-cegat
1094 2529 1191 2585 Rbus
1202 2529 1335 2599 baronci
1347 2527 1404 2583 ἀει·
1413 2528 1504 2584 Actes·

296 2618 516 2689 Heilipcnlrmz
536 2619 583 2675 die
607 2639 663 2677 ooo
684 2620 748 2676 dem
769 2621 1064 2691 Gordiani-hepatem
1083 2620 1177 2679 Guido
1203 2623 1335 2692 (anteros
1354 2618 1410 2676 30.
1424 2620 1503 2676 Just

300 2709 406 2781 1350)
419 2713 550 2768 emeris
568 2712 629 2768 aad
644 2730 699 2769 con
711 2712 775 2769 dean
788 2714 931 2769 Messon
939 2713 1091 2786 -liireloofe
1111 2713 1258 2782 emouere
1270 2712 1503 2785 incorporation

679 2804 731 2860 der
744 2805 933 2877 Psorrlrirclrc
945 2822 982 2860 su
994 2804 1098 2861 Alcatd.

386 2932 497 2997 Piloros
512 2933 711 2997 miseracione
733 2933 833 2997 diuina
850 2933 927 2997 tituli
949 2937 1056 2998 sancte
1072 2932 1216 2996 braxedis
1234 2931 1401 3014 Presbyter
1418 2931 1502 2995 Gar·

296 3037 405 3102 dinalis
426 3039 463 3102 ad
485 3039 562 3104 inira
585 3042 699 3124 scripta
723 3041 889 3124 apostolica
914 3042 1093 3104 auctoritate
1109 3039 1248 3105 suffultus
1265 3037 1388 3103 dilectis
1406 3037 1503 3103 nobis

299 3147 330 3209 in
358 3146 477 3213 Cbristo
499 3148 608 3213 Abbati
636 3155 665 3213 et
690 3150 860 3215 Conuentui
886 3150 1062 3214 Monasterii
1089 3151 1208 3215 Sancte
1235 3149 1346 3214 Crucis
1368 3146 1503 3211 Ordinis

297 3256 524 3330 Cistercieuais,
542 3258 746 3324 Potouiensis
762 3259 906 3331 diocesis,
922 3259 1048 3322 salutem
1065 3260 1094 3321 in
1113 3258 1249 3321 Domino.
1274 3256 1371 3320 iustis
1387 3261 1506 3339 peten-

297 3367 376 3430 cium
393 3365 557 3430 desideriis
581 3368 705 3449 dignum
721 3372 785 3441 est,
815 3387 870 3431 uos
887 3368 1007 3431 facilem
1030 3364 1161 3451 prebere
1184 3383 1340 3429 assensum
1366 3370 1397 3428 et
1415 3370 1505 3437 vota,

297 3494 390 3559 quea
407 3474 532 3537 rationis
547 3476 666 3538 tramite
683 3494 740 3539 non
759 3475 944 3547 discordant,
962 3474 1072 3538 ellectu
1090 3479 1310 3558 prosequentes
1327 3471 1505 3557 complere.

298 3582 515 3664 Vestrisigitur
527 3585 557 3646 in
573 3585 723 3668 hacparte
735 3583 1012 3668 supplicacionibus
1024 3590 1113 3664 grato
1125 3586 1343 3647 concurrentes
1354 3600 1507 3652 assensu,

298 3693 512 3763 annexionem,
541 3693 678 3755 unionem
696 3699 727 3756 st
742 3694 1023 3777 incorporacicnem
1040 3691 1223 3776 parochialis
1239 3688 1373 3754 ecclesie
1390 3689 1507 3754 Sancti

298 3799 425 3883 Georgi
441 3802 472 3863 in
488 3800 583 3867 Abos
598 3800 678 3866 dicte
694 3801 838 3871 diocesis,
855 3800 943 3866 robis
959 3806 990 3863 et
1004 3806 1104 3865 vestro
1122 3799 1305 3862 llonasterio
1322 3818 1380 3881 per
1394 3798 1507 3863 felicis

298 3906 525 3971 recordacionis
554 3906 624 3971 olim
654 3906 846 3972 cardinalem
877 3908 1074 3980 Gwidoama,
1102 3913 1173 3969 tunc
1200 3905 1376 3991 Apostolice
1404 3905 1507 3970 Sedis

297 4015 446 4096 legatum,
476 4015 571 4079 lactas
598 4021 629 4079 et
657 4037 712 4101 per
734 4017 944 4081 Reuss-endum
973 4015 1093 4079 Patrem
1109 4014 1291 4098 Episcopum
1319 4015 1509 4079 Potouiero-

292 4145 383 4196 ·sem,
419 4124 478 4188 loci
513 4123 704 4188 Ordinarium
736 4125 945 4196 confirmatas,
978 4128 1059 4187 ratas
1087 4121 1235 4186 babentes
1266 4127 1356 4205 atquc
1379 4130 1506 4203 gratas,

299 4254 351 4297 eas
368 4233 548 4297 auctoritate
564 4234 746 4318 apostolica,
775 4254 833 4317 qua
855 4234 1024 4317 fungimur,
1052 4238 1161 4296 tenore
1176 4231 1367 4314 presencium
1385 4230 1511 4295 contir-

300 4362 412 4406 mamua
428 4348 460 4405 et
477 4343 630 4423 presentis
647 4343 752 4426 scripti
769 4342 939 4426 patrocinio
955 4341 1181 4406 communimus.
1208 4336 1289 4402 Nulli
1304 4358 1381 4421 ergo
1397 4336 1510 4402 bomi-

301 4472 368 4516 num
382 4452 472 4515 liceat
486 4452 715 4534 bancjpaginam
729 4457 832 4516 nostre
845 4452 1090 4516 confirmacionis
1107 4456 1138 4512 et
1153 4448 1371 4511 communionis
1387 4448 1509 4511 infrin-

301 4578 397 4641 gere,
414 4556 464 4621 rel
482 4562 510 4623 ei
526 4578 600 4623 ausu
616 4561 777 4624 temerario
803 4561 962 4624 contraire.
988 4559 1021 4623 Si
1038 4559 1105 4643 quis
1129 4565 1229 4622 autem
1241 4557 1300 4621 boc
1313 4561 1510 4638 attemptare

301 4668 534 4750 presumpserit,
562 4668 804 4748 indignacionem
840 4668 1052 4753 omnipotentis
1080 4666 1137 4730 Dei
1165 4671 1197 4729 et
1224 4664 1382 4730 beatorum
1410 4663 1508 4728 Petri
