3192 5342
1228 476 1309 548 367

116 640 299 726 sepefatum,
324 636 397 706 tuuc
413 659 472 723 ego
493 637 592 704 debeo
609 638 704 724 ipsius
725 639 829 706 uinces
852 643 932 707 iuxla
954 644 1169 707 necessitatem
1190 662 1305 714 earum,

116 755 200 834 prort
215 752 411 834 oportunitas
425 748 559 813 eiusdem
576 749 720 831 temporis
736 749 874 834 requirit,
899 750 977 815 bene
1000 751 1096 815 cultas
1113 759 1144 816 et
1160 753 1310 835 pronisas,

0 894 1 901 κ
115 860 182 921 item
199 863 232 920 et
247 858 387 921 dimidius
404 855 539 920 adminus
559 854 710 920 karratem
726 859 804 930 uini.
821 879 970 945 unumque
998 858 1129 924 modium
1157 860 1252 925 tritici
1280 865 1311 924 et

0 990 1 993 ¹
116 987 201 1031 uuum
219 988 330 1040 aueue,
346 968 419 1031 lteru
437 960 468 1029 et
484 965 581 1030 omnia
595 985 725 1048 peccora
739 967 897 1053 omniaque
909 968 1132 1052 suppelectilia,
1149 969 1240 1033 miobi
1255 988 1313 1053 per

116 1074 268 1139 dominum
295 1075 465 1140 ll'ioodumn
487 1071 720 1137 Conuentualem
743 1074 875 1157 predicti
898 1077 1072 1140 monasterii
1095 1082 1126 1139 et
1153 1075 1311 1161 plebanum

115 1188 184 1249 tuno
208 1181 345 1247 ecclesie
367 1181 550 1267 parochialis
575 1183 632 1245 iarn
654 1182 791 1266 sepefato
819 1182 942 1256 relicta,
970 1185 1036 1249 siae
1063 1185 1232 1266 assignate.
1262 1191 1313 1249 aut

117 1291 339 1377 aquiualentem
355 1291 512 1376 pecuniam
528 1310 583 1374 pro
599 1290 674 1373 ipsis
691 1294 771 1355 iuxta
789 1292 914 1357 duarum
928 1292 1101 1358 sedularum
1114 1294 1153 1358 de
1165 1295 1222 1359 hoo
1235 1314 1310 1359 cnu-

116 1402 265 1465 iectnrum
284 1406 375 1482 etque
390 1398 589 1482 sigillatarum
606 1402 741 1462 tenorem
757 1400 940 1484 relinquere,
963 1421 1030 1465 meo
1053 1402 1217 1466 inmedinto
1241 1421 1312 1465 sue-

118 1509 233 1573 cessori
250 1529 267 1569 a
285 1506 452 1591 sepedictis
476 1505 596 1569 domiuo
612 1504 729 1570 Abbale
752 1512 784 1570 et
804 1513 953 1571 conuentu
979 1508 1070 1572 michi
1093 1508 1313 1585 substituendo,

118 1619 154 1682 de
171 1615 295 1700 proprie
312 1615 481 1679 substancia
500 1634 575 1679 mea.
602 1613 675 1677 Nam
693 1620 820 1688 certum,
839 1618 866 1679 si
883 1635 941 1697 ego
954 1616 1096 1681 videlieet
1112 1624 1163 1681 ant
1179 1619 1208 1681 in
1225 1624 1313 1682 ante-

6 1763 13 1803 ·,
119 1726 196 1789 dicto
214 1726 294 1789 sesto
311 1724 416 1790 Sancti
431 1724 537 1788 Georii
552 1729 603 1787 eut
620 1731 688 1807 post
703 1724 800 1806 ipsum
818 1743 1007 1810 quocumque
1022 1745 1100 1790 anuo
1117 1733 1186 1790 ente
1197 1728 1314 1790 nonalia

121 1834 239 1917 abipsa
257 1833 392 1896 eeclesia
409 1833 474 1896 siue
490 1834 596 1896 vinens
613 1851 783 1904 recessero,
801 1834 867 1896 siue
884 1835 1016 1909 moriens
1033 1833 1212 1907 decessero,
1235 1835 1315 1900 idem

122 1962 204 2005 meus
221 1960 387 2005 successor
403 1940 469 2004 siue
497 1940 607 2004 domiui
629 1939 779 2022 sepedicti
796 1940 908 2003 debent
922 1941 953 2003 in
969 1942 1118 2006 fructibus
1141 1944 1314 2008 eorumdem

122 2052 334 2135 tuucproxime
342 2055 533 2113 venturorum
541 2047 688 2112 uenalium
696 2049 789 2112 solum
801 2049 888 2113 modo
900 2050 966 2113 sius
975 2050 1219 2117 contradieoioue
1232 2058 1315 2117 stare

123 2157 268 2223 conteuti.
293 2157 418 2222 Omnem
435 2176 530 2221 meam
547 2155 713 2241 relinquam
728 2156 796 2219 siue
811 2155 952 2221 mobilem
968 2159 1034 2221 siue
1050 2158 1230 2223 immobilem
1243 2159 1317 2224 sub·

122 2267 260 2329 stantiam
277 2271 329 2329 aut
345 2265 434 2329 michi
450 2270 501 2328 aut
518 2265 593 2327 meis
610 2263 765 2346 proximis,
782 2264 892 2348 quibus
907 2266 974 2329 siae
989 2266 1114 2338 dedero,
1139 2268 1205 2331 siue
1221 2271 1315 2331 testa·

122 2380 167 2438 tus
191 2375 303 2447 suero,
330 2373 453 2437 liberem
478 2373 597 2436 omniuo
614 2370 790 2456 relinquere
811 2373 934 2445 amicis,
963 2374 1019 2438 nisi
1036 2374 1149 2460 aliquid
1167 2373 1206 2438 de
1221 2396 1315 2439 ceusu

124 2481 266 2565 neglecto
283 2481 399 2547 eisdem
415 2480 579 2565 repudietis
596 2479 723 2543 dominis
739 2480 860 2543 soluere
876 2487 1007 2553 tenerer,
1030 2489 1082 2545 aul
1103 2482 1179 2567 ipsis
1201 2483 1313 2568 aliquid

13 2620 17 2629 ·
125 2590 278 2655 deeedem
289 2612 356 2655 mee
364 2590 535 2655 substancia
550 2588 588 2652 ob
601 2588 765 2651 remedium
778 2589 878 2652 anime
888 2609 955 2653 mee
969 2591 1317 2676 materiarumquemichi

128 2700 327 2763 comissatum
342 2721 359 2763 a
374 2697 440 2762 dica
457 2694 780 2768 ecclesiarecedendo.
791 2696 955 2761 daremaut
968 2696 1106 2780 largirer.
1128 2698 1201 2762 Siue
1218 2700 1317 2783 inipso

14 2796 20 2863 i
125 2805 282 2871 moriendo
297 2825 399 2870 coram
416 2805 541 2891 ydoneis
558 2804 688 2869 testibus
705 2802 828 2887 publice
844 2806 1036 2888 disponerem
1058 2812 1110 2870 aut
1125 2812 1315 2870 testererem.

123 2914 152 2977 ln
170 2935 300 2998 qnorum
318 2916 447 2979 omnium
464 2913 590 2978 euidens
606 2913 810 2978 testimouium
829 2913 980 2997 roburque
996 2913 1132 2979 durabile
1148 2922 1180 2978 et
1200 2913 1316 2978 firmum

125 3023 175 3086 bss
191 3027 355 3105 presentes
371 3021 488 3087 litteras
505 3043 578 3106 sepe
595 3022 766 3086 memoratis
783 3021 1027 3121 dominotdbbati
1044 3029 1134 3109 atque
1150 3023 1316 3088 Conuentui

125 3130 194 3195 dicti
213 3132 389 3195 monasterii
405 3131 524 3197 Suaote
541 3132 651 3197 Crucis
678 3131 743 3212 Ego
761 3131 915 3216 sepefatus
936 3131 1073 3197 luendus
1095 3131 1256 3217 presbyter
1277 3132 1317 3197 de

126 3239 261 3309 unua,
279 3237 470 3325 vicariusque
485 3238 515 3301 iu
538 3238 706 3321 sepedicta,
723 3243 754 3300 rt
776 3237 974 3331 premittitur,
1002 3238 1167 3323 parochiali
1189 3240 1320 3304 ecclesia

127 3345 192 3410 dedi
210 3344 305 3428 sigilli
324 3346 400 3419 roei,
425 3366 483 3411 nec
505 3367 564 3411 non
580 3351 611 3409 et
626 3344 793 3427 sigillorum
810 3344 1030 3409 honorabilium
1048 3345 1158 3409 domini
1179 3346 1321 3411 Miclnuel

130 3453 245 3537 plebani
262 3455 293 3517 in
309 3455 546 3542 Sycbkendorff
555 3460 586 3519 et
597 3453 722 3519 discreti
739 3453 849 3518 nobilia
857 3454 1004 3520 Erbardi
1018 3455 1057 3519 de
1071 3455 1188 3521 Olucbt
1203 3474 1319 3538 uppen-

137 3563 217 3627 sioue
233 3564 646 3646 munitassiuecocsiguatas.
664 3562 1321 3630 Datumannodominiblillesimo'l'recente-

133 3669 201 3733 simo
217 3671 283 3734 lm
299 3677 415 3758 quarto
428 3670 515 3735 indie
530 3670 685 3735 beatorum
703 3677 866 3757 martyrum
874 3670 1007 3755 Dionysii
1026 3677 1058 3735 et
1071 3671 1223 3736 meierum
1241 3674 1318 3737 eius.

200 3793 321 3865 Origiual
335 3796 384 3850 aul
393 3797 552 3868 Pergameni
563 3794 611 3851 mit
621 3795 686 3850 susi
699 3796 816 3868 Sisgsln.

634 4010 818 4094 cccxlv.

141 4169 210 4243 ltu,
228 4171 268 4230 db
288 4170 446 4231 butember.
467 4202 503 4213 —
522 4172 577 4227 Die
596 4170 744 4226 detrudor
762 4170 862 4226 Nicias
882 4171 944 4227 uad
962 4172 1092 4227 Districb
1111 4171 1158 4227 die
1176 4172 1323 4228 Troblreu·

141 4260 230 4335 dsrscr
247 4264 425 4334 coryleiebea
444 4262 505 4318 sicit
521 4264 572 4317 mit
590 4262 642 4316 der
659 4262 741 4317 Abtei
759 4260 978 4333 Heilipcnlrreus
995 4263 1065 4318 albos·
1077 4263 1132 4318 ulle
1145 4263 1321 4336 Ausprstcbe,

142 4351 181 4408 dis
191 4355 274 4411 iinon
287 4355 466 4429 respersisse
477 4354 568 4410 tarem
581 4354 781 4408 ccrstorberren
796 4353 895 4408 Obsius
905 4354 1050 4409 Obristiou
1062 4372 1118 4409 unu
1130 4355 1322 4425 Hapenbruun

248 4446 366 4516 pcldrip
376 4462 538 4516 usserman
550 4445 741 4514 Besitaaraqess
753 4459 791 4497 aa
809 4442 997 4515 Wcaeladorf
1003 4445 1203 4514 aspectandus.

221 4594 271 4659 Ich
288 4594 399 4661 Nicias
416 4596 481 4659 l'nd
499 4596 548 4659 iob
565 4594 729 4659 Dietrcicb
744 4592 900 4677 gebruder
915 4593 964 4657 die
985 4593 1248 4679 Trolrlreudorffer
1263 4592 1324 4655 rud

148 4699 181 4763 all
194 4722 278 4768 roser
294 4705 396 4769 Erben
412 4703 482 4769 Wir
496 4705 653 4790 uergeben
669 4703 727 4768 rud
743 4708 795 4767 tr‘rn
812 4701 887 4767 bunt
903 4702 979 4766 allen
997 4702 1065 4774 den,
1088 4701 1139 4764 die
1161 4701 1220 4765 den
1242 4700 1327 4765 brief
