3192 5342
1277 504 1329 577 35

141 673 197 735 ller
211 671 371 737 Cbucarut
385 672 444 737 der
459 669 688 747 Hdcbmor'stcr,
717 674 777 738 ller
798 653 920 741 Xlrcicb
941 678 1000 765 pei
1014 678 1076 742 dea
1089 676 1254 765 prdedera
1270 680 1329 743 and

141 778 192 841 ber
207 778 325 866 Grer‘ffc
339 779 417 842 beru
434 780 574 867 Greifferr
595 800 648 843 svn
681 781 746 845 Vnd
770 782 828 846 lrer
845 782 1006 849 deeorut
1021 785 1077 850 des
1093 784 1329 852 Hricbmaa‘sters

140 904 189 947 sm
201 886 259 948 rnd
272 885 383 949 anderr
395 884 749 970 frrmerlacutgenleeh.
775 891 867 954 Diser
873 891 956 973 prief
962 892 1001 955 ist
1008 892 1150 973 gegeben
1164 914 1199 956 re
1210 895 1328 969 wican,

139 993 174 1055 dr
188 992 244 1055 nab
260 990 399 1058 Christos
415 996 550 1077 gebrerd
567 1015 722 1078 ergangcn
739 1015 842 1061 waren
859 1000 996 1063 Teusent
1012 1000 1074 1072 lar,
1103 1002 1184 1063 Drer
1199 1000 1329 1064 bundeni

11 1076 12 1121 3
138 1099 187 1164 lar.
201 1101 262 1163 rnd
277 1100 336 1164 ‹lar
349 1102 408 1166 nab
423 1106 454 1166 in
470 1103 538 1167 dem
555 1102 699 1167 ainlelien
713 1104 770 1175 lar,
787 1123 825 1167 an
841 1104 924 1169 Sand
940 1106 1122 1188 Angusteins
1140 1105 1220 1169 taoh.

204 1240 323 1313 original
338 1241 391 1297 auf
394 1243 552 1314 Pergameni
565 1243 613 1297 mit
625 1243 724 1313 Sicgcl.

630 1424 820 1503 XXXVIII.

11 1604 12 1611 ,
138 1555 239 1628 bulo.
246 1555 403 1630 lloeomber,
413 1558 559 1617 Xeustudt.
568 1591 602 1599 -
612 1559 759 1617 urredricn
772 1559 825 1615 alca·
834 1558 952 1624 Scirone,
966 1561 1078 1631 Heraop
1091 1578 1146 1616 voa
1159 1549 1328 1623 Ostcrreicb.

137 1647 262 1717 lemdtipt
290 1648 344 1702 der
365 1646 445 1702 Abtsr'
461 1648 680 1718 Heile‘pealrrerrs
705 1649 759 1704 das
774 1650 919 1706 Patronat
939 1651 1011 1705 aler·
1027 1649 1074 1705 die
1092 1652 1201 1724 Psorrc
1222 1651 1330 1706 Alland

137 1742 217 1791 safer
227 1737 440 1807 pleiebzeilipcr
452 1738 628 1809 Anas-damry
640 1739 718 1794 εἰηα
729 1739 882 1810 maycr
897 1739 949 1810 fatr
960 1741 1020 1796 sich
1039 1741 1100 1796 and
1109 1741 1186 1796 seiae
1198 1741 1327 1797 Familia

224 1865 413 1929 Frr‘dera'csrs
428 1865 477 1927 dei
498 1865 602 1948 gracia
619 1864 685 1928 Dux
701 1867 816 1932 Auscis
832 1873 863 1930 et
877 1868 989 1953 Styra
1004 1867 1149 1932 Dominus
1167 1870 1327 1941 Coraiolc,

137 1971 277 2037 Ifurcbic
299 1970 336 2034 ab
360 1972 591 2038 Porfuanaenis
607 1972 763 2036 Vniuersis
788 1975 893 2037 christi
917 1975 1058 2039 fidelibus
1082 1976 1275 2058 presentibus
1298 1982 1328 2038 ei

137 2079 240 2142 futuris
256 2099 386 2162 presens
402 2080 546 2163 scrIptum
562 2079 749 2145 intuentibus
764 2081 985 2165 Inperpeluum.
1029 2082 1073 2145 Ad
1097 2083 1251 2169 rtriusque
1268 2083 1328 2147 vltc

11 2244 12 2251 ,
135 2187 310 2250 felicItatem
322 2186 408 2250 nobis
421 2187 568 2269 prodesse
584 2207 770 2272 nequaquam
782 2188 971 2270 ambigimus,
988 2190 1015 2253 si
1031 2189 1097 2253 loca
1114 2188 1216 2253 diuino
1233 2189 1327 2255 cultui

11 2332 13 2375 ᾗ
136 2293 274 2375 deputata
303 2293 507 2358 curaverimus
529 2293 674 2377 ampliare
701 2300 858 2358 eteorum
887 2297 1043 2360 commodo
1071 2297 1120 2379 pia
1145 2296 1327 2360 intendimus

11 2474 12 2489 p
135 2401 296 2471 voluntate,
330 2399 479 2464 beneficia
501 2401 551 2464 dei
568 2407 599 2465 et
615 2403 709 2473 dona,
734 2421 792 2485 que
809 2402 858 2465 dei
875 2403 1016 2467 ecclesiis
1033 2408 1065 2466 et
1081 2403 1157 2466 locis
1174 2402 1327 2486 religiosis

11 2588 12 2591 Ἴ
136 2508 181 2591 pia
198 2508 375 2591 prouisiene
390 2508 560 2592 principum
575 2509 760 2591 largiuntur,
777 2510 982 2592 representari
1004 2528 1104 2573 eoram
1126 2510 1184 2573 deo
1201 2512 1327 2575 cottidie

136 2621 167 2678 et
179 2615 357 2699 perpetuari
377 2614 528 2680 credimus
544 2635 656 2698 preces
677 2622 708 2680 ct
723 2617 896 2699 precamina
912 2615 1132 2700 Religiosorum
1148 2618 1274 2681 fratrum
1292 2667 1299 2681 .
1318 2666 1326 2682 .

11 2764 13 2793 :
135 2722 308 2787 Xonasterii
323 2723 437 2787 Sancte
453 2721 560 2786 Crucis
574 2743 629 2806 pro
646 2730 751 2787 eterna
767 2725 872 2808 quiete
884 2724 1053 2787 Animarum
1070 2724 1169 2789 felicis
1185 2727 1329 2789 memorie

11 2820 12 2885 l
135 2829 325 2893 Dominarum
340 2830 467 2895 Allien-ti
478 2830 679 2893 Romanarum
694 2831 864 2915 clitudolfi
877 2830 1025 2914 quendam
1037 2831 1188 2896 Babemic
1202 2833 1327 2913 Regum,

11 2938 12 3023 ᾗ
135 2936 320 3022 aliorumque
342 2937 571 3020 progenitorum
592 2942 779 3008 nostrorum,
810 2937 846 3001 ad
873 2939 1090 3002 incrementum
1107 2942 1200 3003 etiam
1222 2940 1328 3004 salutis

11 3026 13 3109 l
138 3050 165 3107 et
189 3045 402 3128 prosperitatis
429 3050 552 3115 nostre,
582 3065 640 3108 nec
666 3064 725 3109 non
754 3045 873 3118 matris,
903 3045 1030 3108 fratrum
1055 3048 1088 3109 et
1116 3066 1327 3112 successorum

11 3114 13 3155 ³
136 3156 301 3215 nonaum
316 3152 446 3217 saara
461 3158 493 3215 et
507 3152 618 3236 sayra
633 3153 802 3236 pisanum
818 3152 981 3215 illustrium
1003 3152 1096 3233 digne
1120 3153 1258 3217 annus
1273 3156 1328 3219 aa.

11 3260 12 3293 n
136 3258 285 3322 mittenda.
325 3257 364 3321 nt
384 3261 453 3344 quia
476 3259 557 3322 inter
573 3266 693 3322 ceteras
709 3264 858 3322 terrarum
881 3264 1050 3322 nostrarum
1068 3261 1216 3324 ecelesias
1233 3266 1263 3325 et
1280 3262 1328 3345 pia

134 3365 195 3429 loca
211 3366 250 3445 ad
265 3367 477 3429 monasterium
499 3367 618 3431 Sancte
633 3367 747 3432 Crucis
763 3366 982 3450 cysterciensis
1006 3366 1123 3430 ordinis
1140 3367 1328 3432 Patauiensis

136 3471 281 3554 byocesis
292 3474 465 3537 reuerentia
481 3479 512 3538 et
527 3474 703 3538 deuecionis
715 3473 819 3538 Zelum
836 3475 971 3557 gerimus
988 3474 1163 3558 specialem,
1179 3479 1327 3559 tamquam

136 3579 229 3645 lacum
248 3601 265 3644 a
282 3582 394 3646 nestris
412 3580 684 3665 predecessoribus
700 3585 795 3665 prima
814 3580 985 3646 fundatione
1002 3582 1145 3658 dotatum,
1164 3580 1222 3645 Vbi
1239 3583 1328 3644 ellam

135 3688 262 3770 preclari
279 3689 428 3773 quondam
445 3689 547 3752 Duces
559 3688 687 3753 Amris
703 3690 799 3752 naabi
815 3693 1034 3754 Antecessares
1051 3690 1212 3769 elegerunt
1227 3686 1329 3751 ecele-

136 3795 283 3858 siasticam
301 3796 493 3878 sepulturam,
508 3794 656 3860 Veientes
672 3795 799 3860 eundem
816 3796 914 3860 locum
931 3805 962 3860 et
979 3796 1193 3861 llonasterium
1210 3795 1329 3860 Sancte

140 3903 248 3968 uncia
262 3908 369 3965 nostre
386 3901 553 3967 donationis
570 3910 600 3965 et
616 3904 730 3968 fauoris
745 3905 848 3986 gracia
866 3904 1018 3986 ampliare,
1036 3922 1090 3987 pro
1107 3902 1243 3965 remedio
1261 3903 1328 3965 ani·

136 4030 245 4073 marum
267 4009 420 4074 dictorum
440 4009 573 4090 Regum,
600 4016 832 4096 nostrorumque
853 4011 1031 4075 remissione
1057 4010 1264 4092 peccaminum
1289 4009 1328 4072 de

136 4116 257 4180 fratrum
273 4123 444 4180 uestrorum
468 4119 596 4181 amulum
618 4136 762 4200 expresso
785 4139 934 4184 consensu
963 4124 993 4181 et
1017 4116 1154 4179 fnanirni
1176 4116 1328 4180 voluntate

138 4222 190 4287 lus
206 4228 384 4307 patronatus
406 4223 541 4288 ecclesie
563 4225 594 4286 in
611 4225 707 4290 Aleae
728 4226 810 4289 dieto
826 4224 1011 4290 blonasterio
1027 4224 1148 4289 Sancte
1164 4224 1276 4288 Cruces
1293 4271 1300 4285 .
1319 4269 1327 4286 .

138 4328 239 4393 Abbati
255 4337 286 4393 et
302 4331 445 4395 fratribus
460 4330 571 4395 ibidem
588 4332 652 4396 ileo
669 4333 891 4404 famulantibus,
914 4332 964 4416 qui
981 4350 1035 4415 pro
1052 4339 1189 4413 ternpore
1205 4331 1328 4404 fuerint,

138 4436 209 4499 lure
230 4443 379 4521 perpetuo
407 4438 575 4503 liberaliter
596 4440 743 4504 tradImus
771 4446 803 4504 et
825 4442 969 4504 donamus
995 4457 1071 4521 pure
1094 4444 1125 4500 et
1149 4437 1328 4520 simpliciter

11 4576 13 4605 ι
141 4553 260 4628 propter
273 4545 368 4611 Deum
379 4552 410 4610 rt
422 4546 586 4610 corrrudenr
598 4594 605 4610 .
617 4594 624 4610 .
637 4548 768 4630 llegum.
782 4595 790 4611 .
804 4548 907 4620 nostrl,
920 4546 1022 4609 matris
1034 4552 1149 4617 nostre,
1163 4550 1330 4628 nostreque

142 4650 300 4732 parentele,
316 4652 503 4746 aliorumque
519 4674 733 4721 suceessorum
748 4662 919 4719 nostrerum
932 4653 1060 4719 Ararim
1077 4656 1108 4715 et
1119 4652 1229 4738 Styrr'e
1244 4651 1329 4735 prin·

1072 4758 1110 4811 3·
