3192 5342
1242 498 1319 572 377

14 664 15 715 Ῑ
125 678 262 763 predicta
279 677 448 763 parochiali
464 676 597 742 ecclesia
614 675 717 739 Sancti
733 673 861 754 Georgii
886 673 916 737 in
931 673 1047 747 Alecb,
1065 676 1166 738 nostre
1190 673 1323 739 diocesis

14 780 15 855 l
126 787 265 872 predicto
280 787 465 862 monasterio
481 787 600 852 Sancte
617 784 727 850 crocis
742 784 772 847 in
784 782 911 848 amnia
923 782 1119 855 sentenciam,
1137 801 1192 847 seu
1204 783 1323 848 modum

124 902 154 959 et
169 896 297 960 formam
313 896 344 958 in
360 895 507 979 predictis
523 893 634 958 litteris
659 910 833 976 expressam
857 891 1036 955 anctoritate
1057 889 1241 975 apostolica.
1265 910 1323 977 qna

124 1003 287 1086 fungimur,
304 1005 333 1067 in
346 1003 402 1067 bac
419 1008 506 1086 parte
524 1001 746 1073 nonobstante,
770 998 849 1085 quod
861 997 964 1064 littere
976 998 1048 1063 dicti
1067 999 1178 1062 domini
1189 999 1324 1075 ailberti.

124 1111 357 1196 predecessoris
365 1111 461 1176 nostri
477 1104 532 1197 per
547 1108 741 1174 tabellionem
754 1107 928 1190 subscripto
940 1114 972 1171 el
983 1108 1101 1191 signate
1118 1127 1177 1171 non
1192 1107 1324 1181 luerunt,

14 1226 15 1229 ’
126 1240 160 1282 ex
176 1224 263 1282 certa
281 1220 414 1283 sciencia
432 1218 633 1304 approbamus
649 1222 680 1280 et
697 1215 909 1281 confirmamus
925 1216 955 1279 in
980 1214 1040 1279 hiis
1066 1217 1206 1299 scriptis,
1234 1215 1324 1281 nobis

127 1326 352 1391 niebillominus
369 1326 475 1391 eadem
492 1326 672 1390 auctoritate
688 1329 847 1389 reseruata
863 1324 1044 1407 assignando
1059 1329 1259 1407 potestatem,
1284 1324 1323 1388 de

125 1434 296 1508 fructibus,
324 1435 493 1500 redditibus
520 1440 551 1498 et
577 1431 776 1518 prouentibus
804 1432 899 1516 ipsius
926 1431 1108 1516 parochialis
1138 1431 1272 1498 ecclesie
1294 1434 1324 1497 in

124 1542 240 1619 Alecb,
264 1543 290 1606 si
315 1543 398 1626 prius
422 1543 573 1625 assignata
601 1562 659 1605 non
677 1541 782 1613 luerit,
805 1559 970 1623 congruam
994 1541 1187 1624 porcionem,
1203 1542 1242 1607 de
1265 1560 1324 1626 qua

125 1671 262 1734 congrue
278 1650 455 1726 sustentari,
471 1650 657 1735 episcopalia
674 1650 738 1713 iura
756 1649 878 1713 soluere
893 1649 992 1715 salunt
1008 1657 1040 1715 et
1054 1648 1112 1714 alia
1129 1649 1188 1714 sibi
1203 1650 1322 1715 incum-

124 1760 233 1824 beneia
250 1778 343 1823 onera
360 1765 542 1844 supportare
559 1779 613 1841 pro
629 1763 778 1842 perpetuo
795 1758 909 1823 vicario
926 1760 957 1822 in
974 1780 1008 1823 ea
1025 1757 1144 1824 domino
1160 1762 1323 1834 seruitum,

124 1869 155 1933 ln
182 1887 311 1952 quornm
338 1868 468 1933 omnium
495 1866 584 1931 tidem
612 1872 644 1931 et
670 1866 872 1932 testimonium
900 1873 1059 1952 presentes
1086 1866 1204 1933 litteras
1231 1868 1324 1952 sigilli

127 1976 220 2042 nostri
244 1976 407 2041 munimine
422 1994 549 2041 unacum
571 1974 795 2059 subscriptione
818 1975 976 2043 Jobcnnis
990 1976 1197 2062 Spandrcnm
1218 1976 1327 2043 notarii

127 2085 239 2171 publici
257 2074 334 2150 inira
351 2084 458 2167 scripti
474 2083 626 2148 subscribi
656 2088 687 2148 et
703 2085 810 2149 muniri
828 2084 954 2150 lecimus
981 2104 1017 2149 ac
1045 2086 1133 2149 etiam
1161 2083 1322 2169 publicari.

127 2196 199 2260 tcta
216 2200 290 2258 sunt
305 2193 362 2259 bec
381 2193 517 2278 Wpcnnc
532 2192 562 2255 in
579 2193 662 2256 coma
679 2199 780 2256 nostra
803 2192 969 2278 episcopali
990 2212 1067 2257 anno
1090 2192 1202 2258 domini
1226 2191 1324 2258 ldille-

128 2304 200 2365 simo
209 2302 428 2367 trecentesimo
438 2302 643 2383 octuagesimo
656 2320 744 2373 nono,
754 2299 919 2365 lndietione
932 2301 1118 2374 duodecima,
1131 2301 1180 2366 die
1192 2300 1325 2385 penulti-

128 2431 173 2477 ma
180 2412 298 2475 mensis
307 2407 538 2481 Octobris,bora
546 2426 741 2492 vesperorum
749 2408 797 2473 uel
806 2409 1096 2494 quasiPresentibus
1103 2409 1326 2475 venerabilibus

127 2520 199 2583 viris
209 2522 242 2582 et
259 2516 401 2590 dominis,
415 2516 559 2583 Conrado
572 2516 680 2581 comite
693 2516 938 2604 deHobendcrp,
951 2518 1328 2584 canonicoecclesieHer·

128 2627 320 2714 bipedaneis,
338 2626 464 2691 Joonne
474 2626 601 2690 Rewter
617 2625 773 2690 licenciato
790 2626 820 2689 in
837 2625 981 2699 decretis,
995 2627 1112 2692 Ottonc
1123 2627 1161 2692 de
1173 2627 1330 2715 lapminp

123 2742 154 2798 et
167 2735 321 2802 debanna
332 2733 636 2806 deMouerlrirobea,
654 2734 787 2798 ecclesie
804 2735 989 2818 pataniensis
1005 2736 1159 2799 canonicis
1181 2742 1212 2799 el
1227 2733 1326 2819 pluri·

124 2844 179 2909 bns
195 2842 265 2908 aliis
282 2841 342 2907 lide
355 2842 457 2926 dignis
469 2839 597 2906 testibus
614 2841 651 2905 ad
664 2842 813 2923 premissa
829 2844 943 2906 vocatia
959 2847 991 2907 et
1006 2841 1181 2924 specialiter
1197 2841 1323 2925 rogatis.

213 2952 253 3015 El
270 2970 328 3034 ego
340 2951 505 3017 dodonaeo
516 2949 692 3035 Sponromi
706 2948 982 3037 deHcqucnslnd
999 2950 1128 3017 clericus
1140 2949 1327 3036 Mopnnlinc

124 3059 257 3125 diocesis
272 3059 412 3144 publicus
429 3057 580 3141 imperiali
596 3058 777 3122 anctoritate
793 3059 939 3130 notarius,
956 3060 1025 3143 quia
1042 3058 1189 3124 dictarum
1206 3059 1324 3123 littera·

124 3189 187 3233 rum
201 3169 434 3252 apostolicarum
445 3167 680 3251 presentacioni,
692 3166 872 3250 receptioni,
887 3166 1094 3253 requisieioni,
1111 3167 1328 3252 approbacioni
1395 3220 1398 3224 a

125 3284 155 3341 el
169 3276 399 3342 confirmacioni
416 3295 451 3340 ac
468 3276 605 3341 omnibus
622 3281 654 3340 et
668 3275 797 3360 singulis
810 3276 1004 3360 supradictis,
1016 3277 1085 3342 dum
1098 3277 1145 3341 sio
1156 3297 1212 3361 per
1224 3277 1326 3341 Reue-

125 3385 251 3449 rendum
269 3392 384 3469 patrem
401 3382 551 3448 dominnm
569 3385 718 3450 Georinm
731 3385 908 3468 episcopum
919 3385 1145 3450 Potoniensem
1157 3383 1326 3468 predictum

127 3501 158 3558 et
173 3514 277 3558 coram
295 3513 332 3556 eo
349 3498 514 3576 agerentur
530 3499 561 3557 et
578 3492 697 3563 tierent.
714 3514 771 3558 una
788 3512 855 3557 cnm
869 3494 1036 3576 prenotatis
1051 3493 1182 3558 testibus
1198 3514 1326 3577 presens

128 3600 262 3672 interfui,
280 3619 376 3685 eaque
393 3603 438 3663 sic
455 3599 521 3662 lieri
537 3599 598 3663 vidi
616 3605 648 3663 et
664 3600 763 3662 audiui
780 3619 816 3663 ac
833 3606 993 3684 presentes
1010 3599 1128 3665 litteras
1150 3620 1206 3685 per
1227 3601 1326 3672 alium,

128 3729 175 3773 me
192 3708 261 3772 aliis
278 3712 425 3791 occupato
443 3709 582 3787 negociis
599 3707 729 3773 fideliter
746 3709 877 3792 scriptas
905 3707 944 3772 de
967 3707 1106 3772 mandato
1131 3708 1242 3773 domini
1258 3708 1327 3792 epi-

127 3818 213 3900 scopi
229 3816 386 3887 antedicti,
404 3815 557 3901 publicaui
574 3822 604 3880 et
621 3817 650 3881 in
668 3816 747 3880 hanc
763 3815 915 3902 publicam
936 3818 1060 3881 lbrmam
1076 3817 1196 3899 redegi,
1219 3835 1329 3900 meque

129 3925 297 4010 subscripsi
316 3926 404 4006 signo
421 3933 451 3988 et
468 3926 586 3989 nomine
603 3926 678 3988 meis
695 3923 793 3989 solitis
812 3928 842 3988 et
858 3928 1026 3997 consuetis,
1042 3946 1099 3990 una
1123 3944 1191 3989 cnm
1214 3944 1328 4009 appen-

128 4035 213 4098 sione
229 4032 324 4116 sigilli
340 4031 477 4096 mundam
492 4031 603 4096 domini
622 4032 764 4118 Episcopi
776 4034 984 4115 consignando
1000 4036 1030 4097 in
1047 4033 1172 4099 euidens
1188 4034 1327 4098 testimo-

129 4142 206 4205 ninm
223 4140 355 4205 omnium
372 4142 597 4224 premissorum.

197 4263 318 4336 Original
332 4264 380 4319 ani
390 4265 547 4334 Pergameni
560 4266 607 4319 mit
621 4264 785 4335 Siegelrssle
795 4264 849 4320 und
862 4263 1139 4320 Notarium-Zeicben.
