<?xml version="1.0" encoding="UTF-8"?>
<!DOCTYPE html PUBLIC "-//W3C//DTD XHTML 1.0 Transitional//EN"
    "http://www.w3.org/TR/xhtml1/DTD/xhtml1-transitional.dtd">
<html xmlns="http://www.w3.org/1999/xhtml" xml:lang="en" lang="en">
 <head>
  <title>
</title>
<meta http-equiv="Content-Type" content="text/html;charset=utf-8" />
  <meta name='ocr-system' content='tesseract 3.04.00' />
  <meta name='ocr-capabilities' content='ocr_page ocr_carea ocr_par ocr_line ocrx_word'/>
</head>
<body>
  <div class='ocr_page' id='page_1' title='image "./fontesrerumaust07unkngoog_0126.png"; bbox 0 0 3192 5342; ppageno 0'>
   <div class='ocr_carea' id='block_1_1' title="bbox 1255 470 1329 541">
    <p class='ocr_par' dir='ltr' id='par_1_1' title="bbox 1255 470 1329 541">
     <span class='ocr_line' id='line_1_1' title="bbox 1255 470 1329 541; baseline 0.041 -3"><span class='ocrx_word' id='word_1_1' title='bbox 1255 470 1329 541; x_wconf 82' lang='lat'><strong>113</strong></span> 
     </span>
    </p>
   </div>
   <div class='ocr_carea' id='block_1_2' title="bbox 126 638 1333 2124">
    <p class='ocr_par' dir='ltr' id='par_1_2' title="bbox 126 638 1333 2124">
     <span class='ocr_line' id='line_1_2' title="bbox 135 638 1331 724; baseline 0.002 -18"><span class='ocrx_word' id='word_1_2' title='bbox 135 642 310 724; x_wconf 76' lang='lat' dir='ltr'><strong>gewonhait</strong></span> <span class='ocrx_word' id='word_1_3' title='bbox 331 640 390 705; x_wconf 71' lang='lat' dir='ltr'><strong>ind</strong></span> <span class='ocrx_word' id='word_1_4' title='bbox 416 640 554 707; x_wconf 82' lang='lat' dir='ltr'><strong>selirllen</strong></span> <span class='ocrx_word' id='word_1_5' title='bbox 569 638 673 704; x_wconf 84' lang='lat' dir='ltr'><strong>lvrbas</strong></span> <span class='ocrx_word' id='word_1_6' title='bbox 689 638 769 705; x_wconf 88' lang='lat' dir='ltr'><strong>allen</strong></span> <span class='ocrx_word' id='word_1_7' title='bbox 785 639 845 704; x_wconf 84' lang='lat' dir='ltr'><strong>(len</strong></span> <span class='ocrx_word' id='word_1_8' title='bbox 861 646 949 714; x_wconf 78' lang='lat' dir='ltr'><strong>nuta,</strong></span> <span class='ocrx_word' id='word_1_9' title='bbox 973 642 1029 707; x_wconf 87' lang='lat' dir='ltr'><strong>der</strong></span> <span class='ocrx_word' id='word_1_10' title='bbox 1045 643 1083 707; x_wconf 88' lang='lat' dir='ltr'><strong>do</strong></span> <span class='ocrx_word' id='word_1_11' title='bbox 1100 644 1170 708; x_wconf 84' lang='lat' dir='ltr'><strong>wirt</strong></span> <span class='ocrx_word' id='word_1_12' title='bbox 1186 643 1260 709; x_wconf 84' lang='lat' dir='ltr'><strong>vber</strong></span> <span class='ocrx_word' id='word_1_13' title='bbox 1276 643 1331 708; x_wconf 85' lang='lat' dir='ltr'><strong>(las</strong></span> 
     </span>
     <span class='ocr_line' id='line_1_3' title="bbox 131 748 1331 834; baseline 0.003 -21"><span class='ocrx_word' id='word_1_14' title='bbox 131 770 201 833; x_wconf 72' lang='lat' dir='ltr'><strong>pan</strong></span> <span class='ocrx_word' id='word_1_15' title='bbox 224 770 282 816; x_wconf 77' lang='lat' dir='ltr'><strong>nen</strong></span> <span class='ocrx_word' id='word_1_16' title='bbox 307 750 366 814; x_wconf 80' lang='lat' dir='ltr'><strong>(len</strong></span> <span class='ocrx_word' id='word_1_17' title='bbox 386 754 594 834; x_wconf 83' lang='lat' dir='ltr'><strong>rorgenanten</strong></span> <span class='ocrx_word' id='word_1_18' title='bbox 616 748 711 811; x_wconf 78' lang='lat' dir='ltr'><strong>anain</strong></span> <span class='ocrx_word' id='word_1_19' title='bbox 736 749 923 831; x_wconf 79' lang='lat' dir='ltr'><strong>weingerlen</strong></span> <span class='ocrx_word' id='word_1_20' title='bbox 951 751 1053 831; x_wconf 82' lang='lat' dir='ltr'><strong>geben</strong></span> <span class='ocrx_word' id='word_1_21' title='bbox 1068 770 1125 833; x_wconf 81' lang='lat' dir='ltr'><strong>gar</strong></span> <span class='ocrx_word' id='word_1_22' title='bbox 1141 752 1199 816; x_wconf 77' lang='lat' dir='ltr'><strong>aad</strong></span> <span class='ocrx_word' id='word_1_23' title='bbox 1214 772 1331 834; x_wconf 82' lang='lat' dir='ltr'><strong>genez-</strong></span> 
     </span>
     <span class='ocr_line' id='line_1_4' title="bbox 133 855 1333 944; baseline 0.001 -23"><span class='ocrx_word' id='word_1_24' title='bbox 133 857 234 922; x_wconf 83' lang='lat' dir='ltr'><strong>lielren</strong></span> <span class='ocrx_word' id='word_1_25' title='bbox 251 858 312 922; x_wconf 83' lang='lat' dir='ltr'><strong>den</strong></span> <span class='ocrx_word' id='word_1_26' title='bbox 328 858 452 922; x_wconf 85' lang='lat' dir='ltr'><strong>sieehen</strong></span> <span class='ocrx_word' id='word_1_27' title='bbox 465 857 523 923; x_wconf 85' lang='lat' dir='ltr'><strong>rnd</strong></span> <span class='ocrx_word' id='word_1_28' title='bbox 538 856 596 920; x_wconf 87' lang='lat' dir='ltr'><strong>den</strong></span> <span class='ocrx_word' id='word_1_29' title='bbox 610 856 776 939; x_wconf 84' lang='lat' dir='ltr'><strong>petterisen</strong></span> <span class='ocrx_word' id='word_1_30' title='bbox 793 855 877 943; x_wconf 86' lang='lat' dir='ltr'><strong>(sia)</strong></span> <span class='ocrx_word' id='word_1_31' title='bbox 896 878 931 921; x_wconf 84' lang='lat' dir='ltr'><strong>ze</strong></span> <span class='ocrx_word' id='word_1_32' title='bbox 948 858 1144 943; x_wconf 82' lang='lat' dir='ltr'><strong>Peaaernnge</strong></span> <span class='ocrx_word' id='word_1_33' title='bbox 1160 860 1205 924; x_wconf 88' lang='lat' dir='ltr'><strong>ire</strong></span> <span class='ocrx_word' id='word_1_34' title='bbox 1222 861 1333 944; x_wconf 82' lang='lat' dir='ltr'><strong>phrvnt</strong></span> 
     </span>
     <span class='ocr_line' id='line_1_5' title="bbox 132 963 1331 1051; baseline 0.002 -21"><span class='ocrx_word' id='word_1_35' title='bbox 132 968 161 1030; x_wconf 91' lang='lat' dir='ltr'><strong>in</strong></span> <span class='ocrx_word' id='word_1_36' title='bbox 176 968 206 1030; x_wconf 84' lang='lat' dir='ltr'><strong>ir</strong></span> <span class='ocrx_word' id='word_1_37' title='bbox 222 965 406 1031; x_wconf 83' lang='lat' dir='ltr'><strong>Siechhars.</strong></span> <span class='ocrx_word' id='word_1_38' title='bbox 441 964 506 1029; x_wconf 87' lang='lat' dir='ltr'><strong>llud</strong></span> <span class='ocrx_word' id='word_1_39' title='bbox 529 965 585 1028; x_wconf 82' lang='lat' dir='ltr'><strong>daz</strong></span> <span class='ocrx_word' id='word_1_40' title='bbox 602 963 688 1027; x_wconf 79' lang='lat' dir='ltr'><strong>disne</strong></span> <span class='ocrx_word' id='word_1_41' title='bbox 704 964 866 1047; x_wconf 78' lang='lat' dir='ltr'><strong>geschalis</strong></span> <span class='ocrx_word' id='word_1_42' title='bbox 883 965 941 1029; x_wconf 76' lang='lat' dir='ltr'><strong>and</strong></span> <span class='ocrx_word' id='word_1_43' title='bbox 958 966 1047 1030; x_wconf 80' lang='lat' dir='ltr'><strong>dinae</strong></span> <span class='ocrx_word' id='word_1_44' title='bbox 1062 968 1141 1048; x_wconf 82' lang='lat' dir='ltr'><strong>gabe</strong></span> <span class='ocrx_word' id='word_1_45' title='bbox 1157 989 1255 1051; x_wconf 83' lang='lat' dir='ltr'><strong>ganea</strong></span> <span class='ocrx_word' id='word_1_46' title='bbox 1272 968 1331 1033; x_wconf 79' lang='lat' dir='ltr'><strong>vad</strong></span> 
     </span>
     <span class='ocr_line' id='line_1_6' title="bbox 131 1071 1332 1156; baseline 0.002 -17"><span class='ocrx_word' id='word_1_47' title='bbox 131 1073 347 1139; x_wconf 74' lang='lat' dir='ltr'><strong>snsebrnelren</strong></span> <span class='ocrx_word' id='word_1_48' title='bbox 362 1073 502 1148; x_wconf 89' lang='lat' dir='ltr'><strong>beleibe,</strong></span> <span class='ocrx_word' id='word_1_49' title='bbox 524 1074 581 1136; x_wconf 87' lang='lat' dir='ltr'><strong>dar</strong></span> <span class='ocrx_word' id='word_1_50' title='bbox 597 1072 671 1135; x_wconf 79' lang='lat' dir='ltr'><strong>rhen</strong></span> <span class='ocrx_word' id='word_1_51' title='bbox 687 1092 722 1136; x_wconf 87' lang='lat' dir='ltr'><strong>sa</strong></span> <span class='ocrx_word' id='word_1_52' title='bbox 738 1071 810 1154; x_wconf 78' lang='lat' dir='ltr'><strong>gisl)</strong></span> <span class='ocrx_word' id='word_1_53' title='bbox 826 1073 876 1138; x_wconf 78' lang='lat' dir='ltr'><strong>ich</strong></span> <span class='ocrx_word' id='word_1_54' title='bbox 892 1080 1094 1156; x_wconf 82' lang='lat' dir='ltr'><strong>vorgenanter</strong></span> <span class='ocrx_word' id='word_1_55' title='bbox 1110 1075 1256 1142; x_wconf 73' lang='lat' dir='ltr'><strong>Dietricls</strong></span> <span class='ocrx_word' id='word_1_56' title='bbox 1271 1099 1332 1142; x_wconf 82' lang='lat' dir='ltr'><strong>von</strong></span> 
     </span>
     <span class='ocr_line' id='line_1_7' title="bbox 132 1179 1331 1269; baseline 0 -22"><span class='ocrx_word' id='word_1_57' title='bbox 132 1182 321 1269; x_wconf 64' lang='lat' dir='ltr'><strong>Pitrltdoqs,</strong></span> <span class='ocrx_word' id='word_1_58' title='bbox 343 1180 549 1248; x_wconf 74' lang='lat' dir='ltr'><strong>Marselnlrlr</strong></span> <span class='ocrx_word' id='word_1_59' title='bbox 572 1181 607 1245; x_wconf 82' lang='lat' dir='ltr'><strong>in</strong></span> <span class='ocrx_word' id='word_1_60' title='bbox 627 1180 792 1247; x_wconf 63' lang='lat' dir='ltr'><strong>ostentata</strong></span> <span class='ocrx_word' id='word_1_61' title='bbox 817 1179 884 1244; x_wconf 78' lang='lat' dir='ltr'><strong>dean</strong></span> <span class='ocrx_word' id='word_1_62' title='bbox 909 1189 1089 1264; x_wconf 80' lang='lat' dir='ltr'><strong>egenantenn</strong></span> <span class='ocrx_word' id='word_1_63' title='bbox 1112 1183 1247 1247; x_wconf 83' lang='lat' dir='ltr'><strong>ehlosler</strong></span> <span class='ocrx_word' id='word_1_64' title='bbox 1273 1184 1331 1247; x_wconf 84' lang='lat' dir='ltr'><strong>vnd</strong></span> 
     </span>
     <span class='ocr_line' id='line_1_8' title="bbox 132 1287 1331 1375; baseline 0.001 -22"><span class='ocrx_word' id='word_1_65' title='bbox 132 1289 199 1353; x_wconf 84' lang='lat' dir='ltr'><strong>dem</strong></span> <span class='ocrx_word' id='word_1_66' title='bbox 217 1297 352 1354; x_wconf 81' lang='lat' dir='ltr'><strong>consent</strong></span> <span class='ocrx_word' id='word_1_67' title='bbox 367 1287 508 1353; x_wconf 81' lang='lat' dir='ltr'><strong>‹laselbes</strong></span> <span class='ocrx_word' id='word_1_68' title='bbox 526 1287 593 1350; x_wconf 82' lang='lat' dir='ltr'><strong>data</strong></span> <span class='ocrx_word' id='word_1_69' title='bbox 611 1287 678 1351; x_wconf 88' lang='lat' dir='ltr'><strong>dem</strong></span> <span class='ocrx_word' id='word_1_70' title='bbox 691 1287 840 1375; x_wconf 76' lang='lat' dir='ltr'><strong>leitipem</strong></span> <span class='ocrx_word' id='word_1_71' title='bbox 851 1289 1000 1355; x_wconf 67' lang='lat' dir='ltr'><strong>sierentze</strong></span> <span class='ocrx_word' id='word_1_72' title='bbox 1015 1289 1044 1352; x_wconf 92' lang='lat' dir='ltr'><strong>in</strong></span> <span class='ocrx_word' id='word_1_73' title='bbox 1057 1289 1234 1354; x_wconf 84' lang='lat' dir='ltr'><strong>Osterreieh</strong></span> <span class='ocrx_word' id='word_1_74' title='bbox 1246 1292 1331 1355; x_wconf 87' lang='lat' dir='ltr'><strong>disen</strong></span> 
     </span>
     <span class='ocr_line' id='line_1_9' title="bbox 130 1393 1330 1481; baseline 0.002 -22"><span class='ocrx_word' id='word_1_75' title='bbox 130 1398 215 1481; x_wconf 83' lang='lat' dir='ltr'><strong>pries</strong></span> <span class='ocrx_word' id='word_1_76' title='bbox 238 1417 277 1460; x_wconf 82' lang='lat' dir='ltr'><strong>ze</strong></span> <span class='ocrx_word' id='word_1_77' title='bbox 304 1398 402 1459; x_wconf 88' lang='lat' dir='ltr'><strong>einem</strong></span> <span class='ocrx_word' id='word_1_78' title='bbox 419 1415 521 1460; x_wconf 80' lang='lat' dir='ltr'><strong>waren</strong></span> <span class='ocrx_word' id='word_1_79' title='bbox 537 1414 674 1476; x_wconf 78' lang='lat' dir='ltr'><strong>gezevge</strong></span> <span class='ocrx_word' id='word_1_80' title='bbox 691 1393 749 1458; x_wconf 85' lang='lat' dir='ltr'><strong>rnd</strong></span> <span class='ocrx_word' id='word_1_81' title='bbox 773 1415 809 1459; x_wconf 89' lang='lat' dir='ltr'><strong>ze</strong></span> <span class='ocrx_word' id='word_1_82' title='bbox 826 1398 911 1460; x_wconf 87' lang='lat' dir='ltr'><strong>einer</strong></span> <span class='ocrx_word' id='word_1_83' title='bbox 926 1397 1047 1478; x_wconf 83' lang='lat' dir='ltr'><strong>ewigen</strong></span> <span class='ocrx_word' id='word_1_84' title='bbox 1063 1404 1231 1479; x_wconf 80' lang='lat' dir='ltr'><strong>vestnrnge</strong></span> <span class='ocrx_word' id='word_1_85' title='bbox 1247 1397 1330 1461; x_wconf 82' lang='lat' dir='ltr'><strong>diser</strong></span> 
     </span>
     <span class='ocr_line' id='line_1_10' title="bbox 128 1502 1328 1586; baseline -0.001 -18"><span class='ocrx_word' id='word_1_86' title='bbox 128 1503 224 1570; x_wconf 80' lang='lat' dir='ltr'><strong>sache</strong></span> <span class='ocrx_word' id='word_1_87' title='bbox 246 1502 434 1585; x_wconf 83' lang='lat' dir='ltr'><strong>versigellen</strong></span> <span class='ocrx_word' id='word_1_88' title='bbox 451 1503 505 1566; x_wconf 87' lang='lat' dir='ltr'><strong>mit</strong></span> <span class='ocrx_word' id='word_1_89' title='bbox 520 1504 649 1566; x_wconf 86' lang='lat' dir='ltr'><strong>meinem</strong></span> <span class='ocrx_word' id='word_1_90' title='bbox 666 1502 779 1585; x_wconf 80' lang='lat' dir='ltr'><strong>lnsigel</strong></span> <span class='ocrx_word' id='word_1_91' title='bbox 796 1503 855 1565; x_wconf 86' lang='lat' dir='ltr'><strong>vnrl</strong></span> <span class='ocrx_word' id='word_1_92' title='bbox 871 1504 926 1565; x_wconf 87' lang='lat' dir='ltr'><strong>mit</strong></span> <span class='ocrx_word' id='word_1_93' title='bbox 941 1504 1056 1566; x_wconf 85' lang='lat' dir='ltr'><strong>meiner</strong></span> <span class='ocrx_word' id='word_1_94' title='bbox 1072 1503 1190 1567; x_wconf 85' lang='lat' dir='ltr'><strong>Pruder</strong></span> <span class='ocrx_word' id='word_1_95' title='bbox 1204 1504 1328 1586; x_wconf 81' lang='lat' dir='ltr'><strong>lnsigel</strong></span> 
     </span>
     <span class='ocr_line' id='line_1_11' title="bbox 128 1609 1325 1698; baseline -0.003 -22"><span class='ocrx_word' id='word_1_96' title='bbox 128 1613 205 1676; x_wconf 78' lang='lat' dir='ltr'><strong>liern</strong></span> <span class='ocrx_word' id='word_1_97' title='bbox 226 1611 366 1676; x_wconf 76' lang='lat' dir='ltr'><strong>Vlreielta</strong></span> <span class='ocrx_word' id='word_1_98' title='bbox 387 1609 446 1675; x_wconf 83' lang='lat' dir='ltr'><strong>rntl</strong></span> <span class='ocrx_word' id='word_1_99' title='bbox 474 1610 551 1674; x_wconf 84' lang='lat' dir='ltr'><strong>hera</strong></span> <span class='ocrx_word' id='word_1_100' title='bbox 570 1611 665 1676; x_wconf 81' lang='lat' dir='ltr'><strong>Otten</strong></span> <span class='ocrx_word' id='word_1_101' title='bbox 689 1631 747 1674; x_wconf 83' lang='lat' dir='ltr'><strong>von</strong></span> <span class='ocrx_word' id='word_1_102' title='bbox 762 1610 955 1698; x_wconf 80' lang='lat' dir='ltr'><strong>Pitelrdorff,</strong></span> <span class='ocrx_word' id='word_1_103' title='bbox 984 1611 1013 1674; x_wconf 89' lang='lat' dir='ltr'><strong>di</strong></span> <span class='ocrx_word' id='word_1_104' title='bbox 1038 1611 1122 1675; x_wconf 87' lang='lat' dir='ltr'><strong>dises</strong></span> <span class='ocrx_word' id='word_1_105' title='bbox 1148 1611 1325 1693; x_wconf 78' lang='lat' dir='ltr'><strong>gescheftes</strong></span> 
     </span>
     <span class='ocr_line' id='line_1_12' title="bbox 129 1717 1328 1801; baseline -0.001 -18"><span class='ocrx_word' id='word_1_106' title='bbox 129 1717 187 1783; x_wconf 79' lang='lat' dir='ltr'><strong>md</strong></span> <span class='ocrx_word' id='word_1_107' title='bbox 205 1717 292 1782; x_wconf 86' lang='lat' dir='ltr'><strong>diser</strong></span> <span class='ocrx_word' id='word_1_108' title='bbox 306 1717 387 1800; x_wconf 82' lang='lat' dir='ltr'><strong>gabe</strong></span> <span class='ocrx_word' id='word_1_109' title='bbox 403 1736 541 1801; x_wconf 81' lang='lat' dir='ltr'><strong>gezerge</strong></span> <span class='ocrx_word' id='word_1_110' title='bbox 564 1720 624 1782; x_wconf 82' lang='lat' dir='ltr'><strong>sint</strong></span> <span class='ocrx_word' id='word_1_111' title='bbox 647 1718 701 1782; x_wconf 84' lang='lat' dir='ltr'><strong>mit</strong></span> <span class='ocrx_word' id='word_1_112' title='bbox 715 1718 743 1781; x_wconf 83' lang='lat' dir='ltr'><strong>ir</strong></span> <span class='ocrx_word' id='word_1_113' title='bbox 758 1717 902 1800; x_wconf 80' lang='lat' dir='ltr'><strong>lnsigeln.</strong></span> <span class='ocrx_word' id='word_1_114' title='bbox 939 1720 1002 1781; x_wconf 85' lang='lat' dir='ltr'><strong>Der</strong></span> <span class='ocrx_word' id='word_1_115' title='bbox 1018 1719 1100 1801; x_wconf 86' lang='lat' dir='ltr'><strong>prist</strong></span> <span class='ocrx_word' id='word_1_116' title='bbox 1118 1720 1159 1781; x_wconf 88' lang='lat' dir='ltr'><strong>ist</strong></span> <span class='ocrx_word' id='word_1_117' title='bbox 1173 1718 1274 1799; x_wconf 82' lang='lat' dir='ltr'><strong>geben</strong></span> <span class='ocrx_word' id='word_1_118' title='bbox 1291 1740 1328 1783; x_wconf 84' lang='lat' dir='ltr'><strong>ze</strong></span> 
     </span>
     <span class='ocr_line' id='line_1_13' title="bbox 128 1822 1325 1907; baseline 0 -18"><span class='ocrx_word' id='word_1_119' title='bbox 128 1825 264 1897; x_wconf 77' lang='lat' dir='ltr'><strong>arienne,</strong></span> <span class='ocrx_word' id='word_1_120' title='bbox 281 1824 320 1888; x_wconf 82' lang='lat' dir='ltr'><strong>(lo</strong></span> <span class='ocrx_word' id='word_1_121' title='bbox 336 1844 394 1888; x_wconf 79' lang='lat' dir='ltr'><strong>son</strong></span> <span class='ocrx_word' id='word_1_122' title='bbox 412 1822 548 1888; x_wconf 72' lang='lat' dir='ltr'><strong>Christos</strong></span> <span class='ocrx_word' id='word_1_123' title='bbox 563 1825 676 1907; x_wconf 81' lang='lat' dir='ltr'><strong>gabart</strong></span> <span class='ocrx_word' id='word_1_124' title='bbox 691 1842 849 1906; x_wconf 82' lang='lat' dir='ltr'><strong>ergangen</strong></span> <span class='ocrx_word' id='word_1_125' title='bbox 867 1845 968 1888; x_wconf 81' lang='lat' dir='ltr'><strong>waren</strong></span> <span class='ocrx_word' id='word_1_126' title='bbox 985 1824 1178 1889; x_wconf 84' lang='lat' dir='ltr'><strong>Drevtnehen</strong></span> <span class='ocrx_word' id='word_1_127' title='bbox 1195 1825 1325 1889; x_wconf 83' lang='lat' dir='ltr'><strong>hundert</strong></span> 
     </span>
     <span class='ocr_line' id='line_1_14' title="bbox 126 1928 1319 2011; baseline -0.001 -17"><span class='ocrx_word' id='word_1_128' title='bbox 126 1930 181 2004; x_wconf 83' lang='lat' dir='ltr'><strong>iar,</strong></span> <span class='ocrx_word' id='word_1_129' title='bbox 197 1931 332 1997; x_wconf 74' lang='lat' dir='ltr'><strong>(leinach</strong></span> <span class='ocrx_word' id='word_1_130' title='bbox 347 1928 379 1994; x_wconf 86' lang='lat' dir='ltr'><strong>in</strong></span> <span class='ocrx_word' id='word_1_131' title='bbox 399 1929 469 1995; x_wconf 79' lang='lat' dir='ltr'><strong>(lem</strong></span> <span class='ocrx_word' id='word_1_132' title='bbox 484 1929 583 1996; x_wconf 86' lang='lat' dir='ltr'><strong>Seehs</strong></span> <span class='ocrx_word' id='word_1_133' title='bbox 599 1929 657 1996; x_wconf 76' lang='lat' dir='ltr'><strong>and</strong></span> <span class='ocrx_word' id='word_1_134' title='bbox 675 1929 918 2011; x_wconf 80' lang='lat' dir='ltr'><strong>awainezigisten</strong></span> <span class='ocrx_word' id='word_1_135' title='bbox 935 1930 1015 2001; x_wconf 82' lang='lat' dir='ltr'><strong>iare,</strong></span> <span class='ocrx_word' id='word_1_136' title='bbox 1038 1950 1074 1992; x_wconf 87' lang='lat' dir='ltr'><strong>en</strong></span> <span class='ocrx_word' id='word_1_137' title='bbox 1093 1928 1168 1993; x_wconf 87' lang='lat' dir='ltr'><strong>sand</strong></span> <span class='ocrx_word' id='word_1_138' title='bbox 1185 1930 1319 1994; x_wconf 82' lang='lat' dir='ltr'>Thomas</span> 
     </span>
     <span class='ocr_line' id='line_1_15' title="bbox 126 2037 486 2124; baseline -0.008 -20"><span class='ocrx_word' id='word_1_139' title='bbox 126 2042 180 2124; x_wconf 78' lang='lat' dir='ltr'><strong>lag</strong></span> <span class='ocrx_word' id='word_1_140' title='bbox 193 2059 249 2104; x_wconf 78' lang='lat' dir='ltr'><strong>vor</strong></span> <span class='ocrx_word' id='word_1_141' title='bbox 266 2037 486 2104; x_wconf 81' lang='lat' dir='ltr'><strong>weihnaehten.</strong></span> 
     </span>
    </p>
   </div>
   <div class='ocr_carea' id='block_1_3' title="bbox 200 2177 1078 2251">
    <p class='ocr_par' dir='ltr' id='par_1_3' title="bbox 200 2177 1078 2251">
     <span class='ocr_line' id='line_1_16' title="bbox 200 2177 1078 2251; baseline -0.005 -16"><span class='ocrx_word' id='word_1_142' title='bbox 200 2178 318 2249; x_wconf 74' lang='lat' dir='ltr'><strong>original</strong></span> <span class='ocrx_word' id='word_1_143' title='bbox 331 2177 380 2234; x_wconf 77' lang='lat' dir='ltr'><strong>aui</strong></span> <span class='ocrx_word' id='word_1_144' title='bbox 390 2180 546 2251; x_wconf 77' lang='lat' dir='ltr'><strong>Pergament</strong></span> <span class='ocrx_word' id='word_1_145' title='bbox 559 2177 606 2233; x_wconf 88' lang='lat' dir='ltr'><strong>mit</strong></span> <span class='ocrx_word' id='word_1_146' title='bbox 617 2178 681 2233; x_wconf 77' lang='lat' dir='ltr'><strong>awai</strong></span> <span class='ocrx_word' id='word_1_147' title='bbox 696 2178 814 2249; x_wconf 79' lang='lat' dir='ltr'><strong>Siageln,</strong></span> <span class='ocrx_word' id='word_1_148' title='bbox 835 2177 877 2231; x_wconf 90' lang='lat' dir='ltr'><strong>ein</strong></span> <span class='ocrx_word' id='word_1_149' title='bbox 890 2178 987 2233; x_wconf 84' lang='lat' dir='ltr'><strong>drittes</strong></span> <span class='ocrx_word' id='word_1_150' title='bbox 1001 2179 1078 2233; x_wconf 81' lang='lat' dir='ltr'><strong>fehlt.</strong></span> 
     </span>
    </p>
   </div>
   <div class='ocr_carea' id='block_1_4' title="bbox 682 2376 772 2456">
    <p class='ocr_par' dir='ltr' id='par_1_4' title="bbox 682 2376 772 2456">
     <span class='ocr_line' id='line_1_17' title="bbox 682 2376 772 2456; baseline -0.044 0"><span class='ocrx_word' id='word_1_151' title='bbox 682 2376 772 2456; x_wconf 81' lang='lat' dir='ltr'><strong>cxl.</strong></span> 
     </span>
    </p>
   </div>
   <div class='ocr_carea' id='block_1_5' title="bbox 131 2518 1334 2857">
    <p class='ocr_par' dir='ltr' id='par_1_5' title="bbox 133 2518 1332 2592">
     <span class='ocr_line' id='line_1_18' title="bbox 133 2518 1332 2592; baseline -0.005 -13"><span class='ocrx_word' id='word_1_152' title='bbox 133 2519 214 2591; x_wconf 76' lang='lat' dir='ltr'><strong>last,</strong></span> <span class='ocrx_word' id='word_1_153' title='bbox 227 2518 254 2578; x_wconf 77' lang='lat'><strong>2.</strong></span> <span class='ocrx_word' id='word_1_154' title='bbox 269 2518 356 2591; x_wconf 80' lang='lat' dir='ltr'><strong>tprfl.</strong></span> <span class='ocrx_word' id='word_1_155' title='bbox 370 2549 404 2559; x_wconf 95' lang='lat'>-</span> <span class='ocrx_word' id='word_1_156' title='bbox 417 2519 478 2573; x_wconf 75' lang='lat' dir='ltr'><strong>Da·</strong></span> <span class='ocrx_word' id='word_1_157' title='bbox 490 2518 669 2592; x_wconf 77' lang='lat' dir='ltr'><strong>Demeapitd</strong></span> <span class='ocrx_word' id='word_1_158' title='bbox 680 2535 736 2573; x_wconf 82' lang='lat' dir='ltr'><strong>von</strong></span> <span class='ocrx_word' id='word_1_159' title='bbox 752 2518 908 2587; x_wconf 59' lang='lat' dir='ltr'><strong>mesenen</strong></span> <span class='ocrx_word' id='word_1_160' title='bbox 925 2518 1001 2574; x_wconf 75' lang='lat' dir='ltr'><strong>stelit</strong></span> <span class='ocrx_word' id='word_1_161' title='bbox 1019 2518 1071 2573; x_wconf 78' lang='lat' dir='ltr'><strong>der</strong></span> <span class='ocrx_word' id='word_1_162' title='bbox 1083 2519 1168 2573; x_wconf 71' lang='lat' dir='ltr'><strong>Attea·</strong></span> <span class='ocrx_word' id='word_1_163' title='bbox 1187 2518 1332 2588; x_wconf 75' lang='lat' dir='ltr'><strong>Heilipen-</strong></span> 
     </span>
    </p>

    <p class='ocr_par' dir='ltr' id='par_1_6' title="bbox 131 2597 1334 2682">
     <span class='ocr_line' id='line_1_19' title="bbox 131 2597 1334 2682; baseline -0.001 -18"><span class='ocrx_word' id='word_1_164' title='bbox 131 2610 219 2665; x_wconf 61' lang='lat' dir='ltr'><strong>heus</strong></span> <span class='ocrx_word' id='word_1_165' title='bbox 230 2611 292 2682; x_wconf 73' lang='lat' dir='ltr'><strong>auf</strong></span> <span class='ocrx_word' id='word_1_166' title='bbox 298 2610 387 2664; x_wconf 76' lang='lat' dir='ltr'><strong>deren</strong></span> <span class='ocrx_word' id='word_1_167' title='bbox 407 2607 557 2663; x_wconf 63' lang='lat' dir='ltr'><strong>raucam</strong></span> <span class='ocrx_word' id='word_1_168' title='bbox 574 2608 638 2663; x_wconf 77' lang='lat' dir='ltr'><strong>eine</strong></span> <span class='ocrx_word' id='word_1_169' title='bbox 659 2608 824 2664; x_wconf 74' lang='lat' dir='ltr'><strong>lateiuirete</strong></span> <span class='ocrx_word' id='word_1_170' title='bbox 846 2597 1038 2676; x_wconf 78' lang='lat' dir='ltr'><strong>Ulmetzunp</strong></span> <span class='ocrx_word' id='word_1_171' title='bbox 1056 2605 1104 2662; x_wconf 64' lang='lat' dir='ltr'><strong>aas</strong></span> <span class='ocrx_word' id='word_1_172' title='bbox 1120 2608 1334 2663; x_wconf 75' lang='lat' dir='ltr'><strong>Vermltettnir·</strong></span> 
     </span>
    </p>

    <p class='ocr_par' dir='ltr' id='par_1_7' title="bbox 133 2696 1330 2857">
     <span class='ocr_line' id='line_1_20' title="bbox 133 2696 1330 2771; baseline -0.004 -17"><span class='ocrx_word' id='word_1_173' title='bbox 133 2698 238 2771; x_wconf 60' lang='lat' dir='ltr'><strong>brieter</strong></span> <span class='ocrx_word' id='word_1_174' title='bbox 250 2698 301 2754; x_wconf 75' lang='lat' dir='ltr'><strong>dee</strong></span> <span class='ocrx_word' id='word_1_175' title='bbox 314 2697 420 2769; x_wconf 67' lang='lat' dir='ltr'><strong>J&#39;rtnprt</strong></span> <span class='ocrx_word' id='word_1_176' title='bbox 430 2698 631 2753; x_wconf 66' lang='lat' dir='ltr'><strong>austeriorem</strong></span> <span class='ocrx_word' id='word_1_177' title='bbox 643 2697 870 2769; x_wconf 73' lang='lat' dir='ltr'><strong>Hofmarsclsalts</strong></span> <span class='ocrx_word' id='word_1_178' title='bbox 882 2697 1009 2752; x_wconf 73' lang='lat' dir='ltr'><strong>Dietriet</strong></span> <span class='ocrx_word' id='word_1_179' title='bbox 1027 2713 1082 2751; x_wconf 78' lang='lat' dir='ltr'><strong>ren</strong></span> <span class='ocrx_word' id='word_1_180' title='bbox 1095 2696 1330 2768; x_wconf 71' lang='lat' dir='ltr'><strong>Pilirlrdnrfvom</strong></span> 
     </span>
     <span class='ocr_line' id='line_1_21' title="bbox 240 2786 1222 2857; baseline -0.005 -12"><span class='ocrx_word' id='word_1_181' title='bbox 240 2789 296 2845; x_wconf 78' lang='lat'><strong>21.</strong></span> <span class='ocrx_word' id='word_1_182' title='bbox 308 2787 461 2844; x_wconf 68' lang='lat' dir='ltr'><strong>December</strong></span> <span class='ocrx_word' id='word_1_183' title='bbox 474 2786 565 2843; x_wconf 78' lang='lat'><strong><em>1326</em></strong></span> <span class='ocrx_word' id='word_1_184' title='bbox 577 2788 646 2843; x_wconf 70' lang='lat' dir='ltr'><strong>riter</strong></span> <span class='ocrx_word' id='word_1_185' title='bbox 657 2788 729 2843; x_wconf 77' lang='lat' dir='ltr'><strong>arrei</strong></span> <span class='ocrx_word' id='word_1_186' title='bbox 741 2787 928 2857; x_wconf 75' lang='lat' dir='ltr'><strong>Weiapttrten</strong></span> <span class='ocrx_word' id='word_1_187' title='bbox 941 2787 987 2843; x_wconf 79' lang='lat' dir='ltr'><strong>lei</strong></span> <span class='ocrx_word' id='word_1_188' title='bbox 995 2787 1154 2857; x_wconf 66' lang='lat' dir='ltr'><strong>Prusiam</strong></span> <span class='ocrx_word' id='word_1_189' title='bbox 1163 2804 1222 2842; x_wconf 78' lang='lat' dir='ltr'><strong>aua.</strong></span> 
     </span>
    </p>
   </div>
   <div class='ocr_carea' id='block_1_6' title="bbox 137 2911 1337 4289">
    <p class='ocr_par' dir='ltr' id='par_1_8' title="bbox 137 2911 1337 4289">
     <span class='ocr_line' id='line_1_22' title="bbox 223 2911 1335 2999; baseline -0.004 -20"><span class='ocrx_word' id='word_1_190' title='bbox 223 2916 288 2980; x_wconf 83' lang='lat' dir='ltr'><strong>Nes</strong></span> <span class='ocrx_word' id='word_1_191' title='bbox 306 2914 474 2999; x_wconf 81' lang='lat' dir='ltr'><strong>Capitulum</strong></span> <span class='ocrx_word' id='word_1_192' title='bbox 498 2914 631 2979; x_wconf 77' lang='lat' dir='ltr'>ecclesie</span> <span class='ocrx_word' id='word_1_193' title='bbox 647 2915 851 2979; x_wconf 71' lang='lat' dir='ltr'><strong>posoniensis</strong></span> <span class='ocrx_word' id='word_1_194' title='bbox 866 2914 1070 2996; x_wconf 80' lang='lat' dir='ltr'><strong>significamus</strong></span> <span class='ocrx_word' id='word_1_195' title='bbox 1087 2913 1195 2997; x_wconf 84' lang='lat' dir='ltr'><strong>quibus</strong></span> <span class='ocrx_word' id='word_1_196' title='bbox 1212 2911 1335 2996; x_wconf 83' lang='lat' dir='ltr'><strong>expedit</strong></span> 
     </span>
     <span class='ocr_line' id='line_1_23' title="bbox 138 3018 1333 3108; baseline -0.004 -23"><span class='ocrx_word' id='word_1_197' title='bbox 138 3023 324 3108; x_wconf 82' lang='lat' dir='ltr'><strong>presentium</strong></span> <span class='ocrx_word' id='word_1_198' title='bbox 339 3041 396 3104; x_wconf 85' lang='lat' dir='ltr'><strong>per</strong></span> <span class='ocrx_word' id='word_1_199' title='bbox 411 3026 546 3085; x_wconf 86' lang='lat' dir='ltr'><strong>tenorem</strong></span> <span class='ocrx_word' id='word_1_200' title='bbox 563 3021 729 3093; x_wconf 75' lang='lat' dir='ltr'><strong>aninersis,</strong></span> <span class='ocrx_word' id='word_1_201' title='bbox 753 3018 833 3103; x_wconf 86' lang='lat' dir='ltr'><strong>quod</strong></span> <span class='ocrx_word' id='word_1_202' title='bbox 856 3021 1039 3084; x_wconf 82' lang='lat' dir='ltr'><strong>aecedentes</strong></span> <span class='ocrx_word' id='word_1_203' title='bbox 1056 3018 1093 3082; x_wconf 89' lang='lat' dir='ltr'><strong>ad</strong></span> <span class='ocrx_word' id='word_1_204' title='bbox 1111 3026 1243 3082; x_wconf 83' lang='lat' dir='ltr'><strong>nostram</strong></span> <span class='ocrx_word' id='word_1_205' title='bbox 1259 3038 1333 3101; x_wconf 90' lang='lat' dir='ltr'><strong>pre·</strong></span> 
     </span>
     <span class='ocr_line' id='line_1_24' title="bbox 138 3126 1333 3212; baseline -0.005 -18"><span class='ocrx_word' id='word_1_206' title='bbox 138 3131 264 3194; x_wconf 83' lang='lat' dir='ltr'><strong>sentiam</strong></span> <span class='ocrx_word' id='word_1_207' title='bbox 286 3129 433 3212; x_wconf 81' lang='lat' dir='ltr'><strong>Religiosi</strong></span> <span class='ocrx_word' id='word_1_208' title='bbox 449 3130 505 3194; x_wconf 81' lang='lat' dir='ltr'><strong>siri</strong></span> <span class='ocrx_word' id='word_1_209' title='bbox 528 3131 621 3193; x_wconf 81' lang='lat' dir='ltr'><strong>trater</strong></span> <span class='ocrx_word' id='word_1_210' title='bbox 643 3130 806 3195; x_wconf 77' lang='lat' dir='ltr'><strong>Corradus</strong></span> <span class='ocrx_word' id='word_1_211' title='bbox 827 3136 1005 3211; x_wconf 80' lang='lat' dir='ltr'><strong>procurater</strong></span> <span class='ocrx_word' id='word_1_212' title='bbox 1028 3128 1133 3192; x_wconf 87' lang='lat' dir='ltr'><strong>demus</strong></span> <span class='ocrx_word' id='word_1_213' title='bbox 1156 3126 1333 3191; x_wconf 85' lang='lat' dir='ltr'><strong>lllnnasterii</strong></span> 
     </span>
     <span class='ocr_line' id='line_1_25' title="bbox 137 3233 1334 3304; baseline -0.009 0"><span class='ocrx_word' id='word_1_214' title='bbox 137 3245 248 3304; x_wconf 70' lang='lat' dir='ltr'><strong>rande</strong></span> <span class='ocrx_word' id='word_1_215' title='bbox 265 3237 377 3303; x_wconf 77' lang='lat' dir='ltr'><strong>Craris</strong></span> <span class='ocrx_word' id='word_1_216' title='bbox 398 3236 436 3300; x_wconf 85' lang='lat' dir='ltr'><strong>de</strong></span> <span class='ocrx_word' id='word_1_217' title='bbox 458 3237 593 3301; x_wconf 79' lang='lat' dir='ltr'><strong>Paeonia</strong></span> <span class='ocrx_word' id='word_1_218' title='bbox 620 3242 651 3300; x_wconf 90' lang='lat' dir='ltr'><strong>et</strong></span> <span class='ocrx_word' id='word_1_219' title='bbox 673 3237 768 3299; x_wconf 86' lang='lat' dir='ltr'><strong>trater</strong></span> <span class='ocrx_word' id='word_1_220' title='bbox 795 3236 915 3300; x_wconf 66' lang='lat' dir='ltr'><strong>wisan</strong></span> <span class='ocrx_word' id='word_1_221' title='bbox 942 3235 981 3299; x_wconf 88' lang='lat' dir='ltr'><strong>de</strong></span> <span class='ocrx_word' id='word_1_222' title='bbox 1008 3236 1113 3299; x_wconf 84' lang='lat' dir='ltr'><strong>ordine</strong></span> <span class='ocrx_word' id='word_1_223' title='bbox 1137 3233 1334 3297; x_wconf 66' lang='lat' dir='ltr'><strong>cisterciensi</strong></span> 
     </span>
     <span class='ocr_line' id='line_1_26' title="bbox 138 3340 1335 3412; baseline -0.006 -3"><span class='ocrx_word' id='word_1_224' title='bbox 138 3345 258 3412; x_wconf 80' lang='lat' dir='ltr'><strong>nornine</strong></span> <span class='ocrx_word' id='word_1_225' title='bbox 275 3350 307 3408; x_wconf 86' lang='lat' dir='ltr'><strong>et</strong></span> <span class='ocrx_word' id='word_1_226' title='bbox 322 3345 389 3408; x_wconf 76' lang='lat' dir='ltr'><strong>viee</strong></span> <span class='ocrx_word' id='word_1_227' title='bbox 412 3344 529 3408; x_wconf 84' lang='lat' dir='ltr'><strong>abbatis</strong></span> <span class='ocrx_word' id='word_1_228' title='bbox 546 3362 650 3408; x_wconf 85' lang='lat' dir='ltr'><strong>eorum</strong></span> <span class='ocrx_word' id='word_1_229' title='bbox 667 3364 702 3406; x_wconf 86' lang='lat' dir='ltr'><strong>ae</strong></span> <span class='ocrx_word' id='word_1_230' title='bbox 719 3343 811 3406; x_wconf 86' lang='lat' dir='ltr'><strong>totins</strong></span> <span class='ocrx_word' id='word_1_231' title='bbox 829 3342 1002 3407; x_wconf 79' lang='lat' dir='ltr'><strong>conuentus</strong></span> <span class='ocrx_word' id='word_1_232' title='bbox 1019 3343 1065 3406; x_wconf 91' lang='lat' dir='ltr'><strong>sui</strong></span> <span class='ocrx_word' id='word_1_233' title='bbox 1081 3342 1212 3412; x_wconf 83' lang='lat' dir='ltr'><strong>ordinis,</strong></span> <span class='ocrx_word' id='word_1_234' title='bbox 1229 3340 1335 3403; x_wconf 89' lang='lat' dir='ltr'><strong>lllnna·</strong></span> 
     </span>
     <span class='ocr_line' id='line_1_27' title="bbox 138 3449 1336 3530; baseline -0.008 -13"><span class='ocrx_word' id='word_1_235' title='bbox 138 3453 222 3517; x_wconf 81' lang='lat' dir='ltr'><strong>elerii</strong></span> <span class='ocrx_word' id='word_1_236' title='bbox 249 3459 361 3517; x_wconf 78' lang='lat' dir='ltr'><strong>sancte</strong></span> <span class='ocrx_word' id='word_1_237' title='bbox 380 3452 490 3517; x_wconf 76' lang='lat' dir='ltr'><strong>Graccis</strong></span> <span class='ocrx_word' id='word_1_238' title='bbox 512 3449 551 3514; x_wconf 84' lang='lat' dir='ltr'><strong>de</strong></span> <span class='ocrx_word' id='word_1_239' title='bbox 571 3450 703 3516; x_wconf 73' lang='lat' dir='ltr'><strong>Amtria</strong></span> <span class='ocrx_word' id='word_1_240' title='bbox 729 3450 932 3513; x_wconf 79' lang='lat' dir='ltr'><strong>exhibuerunt</strong></span> <span class='ocrx_word' id='word_1_241' title='bbox 954 3449 1039 3513; x_wconf 85' lang='lat' dir='ltr'><strong>nabis</strong></span> <span class='ocrx_word' id='word_1_242' title='bbox 1067 3450 1182 3512; x_wconf 78' lang='lat' dir='ltr'><strong>litteras</strong></span> <span class='ocrx_word' id='word_1_243' title='bbox 1209 3449 1336 3530; x_wconf 85' lang='lat' dir='ltr'><strong>priuile-</strong></span> 
     </span>
     <span class='ocr_line' id='line_1_28' title="bbox 139 3556 1335 3643; baseline -0.008 -20"><span class='ocrx_word' id='word_1_244' title='bbox 139 3560 234 3643; x_wconf 79' lang='lat' dir='ltr'><strong>giales</strong></span> <span class='ocrx_word' id='word_1_245' title='bbox 252 3557 405 3641; x_wconf 77' lang='lat' dir='ltr'><strong>magnifici</strong></span> <span class='ocrx_word' id='word_1_246' title='bbox 421 3556 475 3622; x_wconf 85' lang='lat' dir='ltr'><strong>riri</strong></span> <span class='ocrx_word' id='word_1_247' title='bbox 491 3557 612 3622; x_wconf 82' lang='lat' dir='ltr'><strong>Ditriei</strong></span> <span class='ocrx_word' id='word_1_248' title='bbox 628 3557 775 3640; x_wconf 86' lang='lat' dir='ltr'><strong>quendam</strong></span> <span class='ocrx_word' id='word_1_249' title='bbox 792 3556 989 3620; x_wconf 82' lang='lat' dir='ltr'><strong>Marsclralei</strong></span> <span class='ocrx_word' id='word_1_250' title='bbox 1003 3557 1044 3621; x_wconf 87' lang='lat' dir='ltr'><strong>de</strong></span> <span class='ocrx_word' id='word_1_251' title='bbox 1058 3557 1190 3621; x_wconf 75' lang='lat' dir='ltr'><strong>Austris</strong></span> <span class='ocrx_word' id='word_1_252' title='bbox 1205 3557 1335 3637; x_wconf 86' lang='lat' dir='ltr'><strong>scriptas</strong></span> 
     </span>
     <span class='ocr_line' id='line_1_29' title="bbox 138 3663 1335 3748; baseline -0.006 -19"><span class='ocrx_word' id='word_1_253' title='bbox 138 3665 289 3748; x_wconf 75' lang='lat' dir='ltr'><strong>ydiomate</strong></span> <span class='ocrx_word' id='word_1_254' title='bbox 311 3663 500 3736; x_wconf 86' lang='lat' dir='ltr'><strong>teutanieali,</strong></span> <span class='ocrx_word' id='word_1_255' title='bbox 527 3668 668 3747; x_wconf 84' lang='lat' dir='ltr'><strong>petentes</strong></span> <span class='ocrx_word' id='word_1_256' title='bbox 691 3684 757 3727; x_wconf 83' lang='lat' dir='ltr'><strong>euna</strong></span> <span class='ocrx_word' id='word_1_257' title='bbox 779 3664 938 3739; x_wconf 87' lang='lat' dir='ltr'><strong>instantia,</strong></span> <span class='ocrx_word' id='word_1_258' title='bbox 964 3664 1042 3747; x_wconf 85' lang='lat' dir='ltr'><strong>quod</strong></span> <span class='ocrx_word' id='word_1_259' title='bbox 1067 3684 1122 3726; x_wconf 87' lang='lat' dir='ltr'><strong>nos</strong></span> <span class='ocrx_word' id='word_1_260' title='bbox 1144 3668 1280 3726; x_wconf 86' lang='lat' dir='ltr'><strong>tenorem</strong></span> <span class='ocrx_word' id='word_1_261' title='bbox 1303 3664 1335 3723; x_wconf 87' lang='lat' dir='ltr'><strong>et</strong></span> 
     </span>
     <span class='ocr_line' id='line_1_30' title="bbox 138 3767 1335 3839; baseline -0.008 -1"><span class='ocrx_word' id='word_1_262' title='bbox 138 3774 249 3839; x_wconf 86' lang='lat' dir='ltr'><strong>seriem</strong></span> <span class='ocrx_word' id='word_1_263' title='bbox 266 3771 440 3835; x_wconf 82' lang='lat' dir='ltr'><strong>earumdem</strong></span> <span class='ocrx_word' id='word_1_264' title='bbox 460 3773 493 3836; x_wconf 92' lang='lat' dir='ltr'><strong>in</strong></span> <span class='ocrx_word' id='word_1_265' title='bbox 509 3771 632 3836; x_wconf 83' lang='lat' dir='ltr'><strong>latinum</strong></span> <span class='ocrx_word' id='word_1_266' title='bbox 655 3771 864 3835; x_wconf 80' lang='lat' dir='ltr'><strong>commutando</strong></span> <span class='ocrx_word' id='word_1_267' title='bbox 888 3773 1000 3835; x_wconf 84' lang='lat' dir='ltr'><strong>nestris</strong></span> <span class='ocrx_word' id='word_1_268' title='bbox 1023 3771 1133 3834; x_wconf 85' lang='lat' dir='ltr'><strong>litteris</strong></span> <span class='ocrx_word' id='word_1_269' title='bbox 1156 3767 1335 3833; x_wconf 81' lang='lat' dir='ltr'><strong>transscribi</strong></span> 
     </span>
     <span class='ocr_line' id='line_1_31' title="bbox 138 3873 1336 3964; baseline -0.008 -19"><span class='ocrx_word' id='word_1_270' title='bbox 138 3883 313 3946; x_wconf 81' lang='lat' dir='ltr'><strong>fateremur.</strong></span> <span class='ocrx_word' id='word_1_271' title='bbox 349 3880 479 3961; x_wconf 84' lang='lat' dir='ltr'><strong>Quarum</strong></span> <span class='ocrx_word' id='word_1_272' title='bbox 502 3878 623 3964; x_wconf 81' lang='lat' dir='ltr'><strong>quidem</strong></span> <span class='ocrx_word' id='word_1_273' title='bbox 646 3880 810 3943; x_wconf 83' lang='lat' dir='ltr'><strong>litterarum</strong></span> <span class='ocrx_word' id='word_1_274' title='bbox 826 3878 1067 3942; x_wconf 81' lang='lat' dir='ltr'><strong>&#39;leutoniealiurn</strong></span> <span class='ocrx_word' id='word_1_275' title='bbox 1095 3876 1168 3940; x_wconf 88' lang='lat' dir='ltr'><strong>dieti</strong></span> <span class='ocrx_word' id='word_1_276' title='bbox 1197 3873 1336 3937; x_wconf 74' lang='lat' dir='ltr'><strong>mai-salsi</strong></span> 
     </span>
     <span class='ocr_line' id='line_1_32' title="bbox 139 3984 1336 4073; baseline -0.007 -19"><span class='ocrx_word' id='word_1_277' title='bbox 139 3998 224 4054; x_wconf 84' lang='lat' dir='ltr'><strong>tener</strong></span> <span class='ocrx_word' id='word_1_278' title='bbox 240 4009 298 4073; x_wconf 88' lang='lat' dir='ltr'><strong>per</strong></span> <span class='ocrx_word' id='word_1_279' title='bbox 323 3988 420 4052; x_wconf 86' lang='lat' dir='ltr'><strong>omnia</strong></span> <span class='ocrx_word' id='word_1_280' title='bbox 444 3987 512 4051; x_wconf 86' lang='lat' dir='ltr'><strong>talis</strong></span> <span class='ocrx_word' id='word_1_281' title='bbox 535 3992 592 4050; x_wconf 88' lang='lat' dir='ltr'><strong>est.</strong></span> <span class='ocrx_word' id='word_1_282' title='bbox 630 3987 696 4070; x_wconf 79' lang='lat' dir='ltr'><strong>Ego</strong></span> <span class='ocrx_word' id='word_1_283' title='bbox 712 3989 858 4053; x_wconf 80' lang='lat' dir='ltr'><strong>Ditricus</strong></span> <span class='ocrx_word' id='word_1_284' title='bbox 873 3987 914 4050; x_wconf 79' lang='lat' dir='ltr'><strong>cte</strong></span> <span class='ocrx_word' id='word_1_285' title='bbox 934 3985 1127 4070; x_wconf 78' lang='lat' dir='ltr'><strong>Pplylsderf‚</strong></span> <span class='ocrx_word' id='word_1_286' title='bbox 1155 3984 1336 4047; x_wconf 81' lang='lat' dir='ltr'><strong>Marsalcus</strong></span> 
     </span>
     <span class='ocr_line' id='line_1_33' title="bbox 140 4091 1335 4178; baseline -0.01 -15"><span class='ocrx_word' id='word_1_287' title='bbox 140 4099 177 4162; x_wconf 76' lang='lat' dir='ltr'><strong>de</strong></span> <span class='ocrx_word' id='word_1_288' title='bbox 202 4096 338 4163; x_wconf 62' lang='lat' dir='ltr'><strong>Austris</strong></span> <span class='ocrx_word' id='word_1_289' title='bbox 369 4094 515 4178; x_wconf 83' lang='lat' dir='ltr'><strong>profiteor</strong></span> <span class='ocrx_word' id='word_1_290' title='bbox 546 4099 577 4158; x_wconf 84' lang='lat' dir='ltr'><strong>et</strong></span> <span class='ocrx_word' id='word_1_291' title='bbox 609 4099 711 4158; x_wconf 83' lang='lat' dir='ltr'><strong>netum</strong></span> <span class='ocrx_word' id='word_1_292' title='bbox 743 4095 822 4157; x_wconf 78' lang='lat' dir='ltr'><strong>lario</strong></span> <span class='ocrx_word' id='word_1_293' title='bbox 855 4092 992 4157; x_wconf 85' lang='lat' dir='ltr'><strong>omnibus</strong></span> <span class='ocrx_word' id='word_1_294' title='bbox 1024 4094 1186 4176; x_wconf 83' lang='lat' dir='ltr'><strong>presentes</strong></span> <span class='ocrx_word' id='word_1_295' title='bbox 1217 4091 1335 4152; x_wconf 80' lang='lat' dir='ltr'><strong>litteras</strong></span> 
     </span>
     <span class='ocr_line' id='line_1_34' title="bbox 140 4180 1337 4289; baseline -0.008 -22"><span class='ocrx_word' id='word_1_296' title='bbox 140 4203 324 4289; x_wconf 82' lang='lat' dir='ltr'><strong>inspecturis</strong></span> <span class='ocrx_word' id='word_1_297' title='bbox 356 4208 386 4265; x_wconf 89' lang='lat' dir='ltr'><strong>et</strong></span> <span class='ocrx_word' id='word_1_298' title='bbox 417 4201 540 4265; x_wconf 87' lang='lat' dir='ltr'><strong>easdem</strong></span> <span class='ocrx_word' id='word_1_299' title='bbox 573 4201 676 4281; x_wconf 77' lang='lat' dir='ltr'><strong>legere</strong></span> <span class='ocrx_word' id='word_1_300' title='bbox 714 4200 908 4272; x_wconf 83' lang='lat' dir='ltr'><strong>volentibus,</strong></span> <span class='ocrx_word' id='word_1_301' title='bbox 939 4206 998 4262; x_wconf 84' lang='lat' dir='ltr'><strong>tarn</strong></span> <span class='ocrx_word' id='word_1_302' title='bbox 1027 4180 1221 4282; x_wconf 83' lang='lat' dir='ltr'><strong>presentibus</strong></span> <span class='ocrx_word' id='word_1_303' title='bbox 1249 4217 1337 4281; x_wconf 87' lang='lat' dir='ltr'><strong>qnam</strong></span> 
     </span>
    </p>
   </div>
   <div class='ocr_carea' id='block_1_7' title="bbox 142 4305 1339 4609">
    <p class='ocr_par' dir='ltr' id='par_1_9' title="bbox 142 4305 1339 4609">
     <span class='ocr_line' id='line_1_35' title="bbox 142 4305 1337 4395; baseline -0.006 -19"><span class='ocrx_word' id='word_1_304' title='bbox 142 4313 266 4382; x_wconf 83' lang='lat' dir='ltr'><strong>laturis,</strong></span> <span class='ocrx_word' id='word_1_305' title='bbox 298 4308 379 4395; x_wconf 85' lang='lat' dir='ltr'><strong>quad</strong></span> <span class='ocrx_word' id='word_1_306' title='bbox 407 4329 466 4391; x_wconf 82' lang='lat' dir='ltr'><strong>ego</strong></span> <span class='ocrx_word' id='word_1_307' title='bbox 494 4329 562 4374; x_wconf 83' lang='lat' dir='ltr'><strong>eum</strong></span> <span class='ocrx_word' id='word_1_308' title='bbox 591 4309 667 4372; x_wconf 87' lang='lat' dir='ltr'><strong>bena</strong></span> <span class='ocrx_word' id='word_1_309' title='bbox 698 4309 850 4373; x_wconf 82' lang='lat' dir='ltr'><strong>voluntate</strong></span> <span class='ocrx_word' id='word_1_310' title='bbox 883 4313 915 4372; x_wconf 85' lang='lat' dir='ltr'><strong>et</strong></span> <span class='ocrx_word' id='word_1_311' title='bbox 945 4309 1049 4370; x_wconf 80' lang='lat' dir='ltr'><strong>fanore</strong></span> <span class='ocrx_word' id='word_1_312' title='bbox 1080 4306 1199 4369; x_wconf 85' lang='lat' dir='ltr'><strong>domine</strong></span> <span class='ocrx_word' id='word_1_313' title='bbox 1226 4305 1337 4390; x_wconf 64' lang='lat' dir='ltr'><strong>Sospes,</strong></span> 
     </span>
     <span class='ocr_line' id='line_1_36' title="bbox 143 4410 1339 4483; baseline -0.008 -1"><span class='ocrx_word' id='word_1_314' title='bbox 143 4417 290 4483; x_wconf 77' lang='lat' dir='ltr'><strong>consertis</strong></span> <span class='ocrx_word' id='word_1_315' title='bbox 322 4436 391 4480; x_wconf 86' lang='lat' dir='ltr'><strong>mee</strong></span> <span class='ocrx_word' id='word_1_316' title='bbox 420 4415 576 4480; x_wconf 80' lang='lat' dir='ltr'><strong>rarissime</strong></span> <span class='ocrx_word' id='word_1_317' title='bbox 610 4419 642 4478; x_wconf 83' lang='lat' dir='ltr'><strong>et</strong></span> <span class='ocrx_word' id='word_1_318' title='bbox 675 4415 798 4479; x_wconf 82' lang='lat' dir='ltr'><strong>fratrum</strong></span> <span class='ocrx_word' id='word_1_319' title='bbox 830 4436 964 4479; x_wconf 76' lang='lat' dir='ltr'><strong>nieorum</strong></span> <span class='ocrx_word' id='word_1_320' title='bbox 999 4414 1096 4480; x_wconf 84' lang='lat' dir='ltr'><strong>Vtriei</strong></span> <span class='ocrx_word' id='word_1_321' title='bbox 1129 4410 1276 4477; x_wconf 81' lang='lat' dir='ltr'><strong>videlieet</strong></span> <span class='ocrx_word' id='word_1_322' title='bbox 1308 4418 1339 4473; x_wconf 85' lang='lat' dir='ltr'><strong>et</strong></span> 
     </span>
     <span class='ocr_line' id='line_1_37' title="bbox 145 4522 1336 4609; baseline -0.014 -15"><span class='ocrx_word' id='word_1_323' title='bbox 145 4528 267 4593; x_wconf 64' lang='lat' dir='ltr'><strong>littoreis</strong></span> <span class='ocrx_word' id='word_1_324' title='bbox 296 4527 338 4592; x_wconf 80' lang='lat' dir='ltr'><strong>de</strong></span> <span class='ocrx_word' id='word_1_325' title='bbox 366 4524 565 4609; x_wconf 73' lang='lat' dir='ltr'><strong>Phyliedars,</strong></span> <span class='ocrx_word' id='word_1_326' title='bbox 603 4546 639 4589; x_wconf 87' lang='lat' dir='ltr'><strong>ae</strong></span> <span class='ocrx_word' id='word_1_327' title='bbox 670 4523 799 4589; x_wconf 82' lang='lat' dir='ltr'><strong>omniurn</strong></span> <span class='ocrx_word' id='word_1_328' title='bbox 831 4524 1033 4607; x_wconf 80' lang='lat' dir='ltr'><strong>proximorum</strong></span> <span class='ocrx_word' id='word_1_329' title='bbox 1065 4528 1097 4584; x_wconf 84' lang='lat' dir='ltr'><strong>et</strong></span> <span class='ocrx_word' id='word_1_330' title='bbox 1128 4522 1336 4601; x_wconf 83' lang='lat' dir='ltr'><strong>cognatarum,</strong></span> 
     </span>
    </p>
   </div>
   <div class='ocr_carea' id='block_1_8' title="bbox 145 4625 1338 4802">
    <p class='ocr_par' dir='ltr' id='par_1_10' title="bbox 145 4625 1338 4802">
     <span class='ocr_line' id='line_1_38' title="bbox 145 4625 1338 4716; baseline -0.013 -18"><span class='ocrx_word' id='word_1_331' title='bbox 145 4652 296 4707; x_wconf 83' lang='lat' dir='ltr'><strong>meorum,</strong></span> <span class='ocrx_word' id='word_1_332' title='bbox 323 4633 377 4716; x_wconf 85' lang='lat' dir='ltr'><strong>qui</strong></span> <span class='ocrx_word' id='word_1_333' title='bbox 400 4631 628 4716; x_wconf 81' lang='lat' dir='ltr'><strong>presencialiter</strong></span> <span class='ocrx_word' id='word_1_334' title='bbox 650 4632 776 4696; x_wconf 85' lang='lat' dir='ltr'><strong>aderant</strong></span> <span class='ocrx_word' id='word_1_335' title='bbox 798 4650 836 4694; x_wconf 86' lang='lat' dir='ltr'><strong>ea</strong></span> <span class='ocrx_word' id='word_1_336' title='bbox 856 4633 1004 4712; x_wconf 86' lang='lat' dir='ltr'><strong>ternpore,</strong></span> <span class='ocrx_word' id='word_1_337' title='bbox 1022 4647 1097 4711; x_wconf 87' lang='lat' dir='ltr'>quo,</span> <span class='ocrx_word' id='word_1_338' title='bbox 1120 4625 1193 4689; x_wconf 88' lang='lat' dir='ltr'><strong>lieet</strong></span> <span class='ocrx_word' id='word_1_339' title='bbox 1210 4640 1338 4705; x_wconf 83' lang='lat' dir='ltr'><strong>corpora</strong></span> 
     </span>
     <span class='ocr_line' id='line_1_39' title="bbox 176 4747 1122 4802; baseline -0.016 -8"><span class='ocrx_word' id='word_1_340' title='bbox 176 4749 268 4795; x_wconf 70' lang='lat' dir='ltr'><strong>nonu.</strong></span> <span class='ocrx_word' id='word_1_341' title='bbox 284 4749 355 4796; x_wconf 82' lang='lat' dir='ltr'><strong>nsn.</strong></span> <span class='ocrx_word' id='word_1_342' title='bbox 368 4747 396 4793; x_wconf 86' lang='lat' dir='ltr'><strong>rr.</strong></span> <span class='ocrx_word' id='word_1_343' title='bbox 408 4747 449 4793; x_wconf 86' lang='lat' dir='ltr'><strong>aa.</strong></span> <span class='ocrx_word' id='word_1_344' title='bbox 460 4747 517 4792; x_wconf 82' lang='lat' dir='ltr'><strong>xvi.</strong></span> <span class='ocrx_word' id='word_1_345' title='bbox 1104 4750 1122 4802; x_wconf 85' lang='lat'>8</span> 
     </span>
    </p>
   </div>
   <div class='ocr_carea' id='block_1_9' title="bbox 0 0 1605 5342">
    <p class='ocr_par' dir='ltr' id='par_1_11' title="bbox 0 0 1605 5342">
     <span class='ocr_line' id='line_1_40' title="bbox 0 0 1605 5342; baseline 0 0"><span class='ocrx_word' id='word_1_346' title='bbox 0 0 1605 5342; x_wconf 95' lang='lat' dir='ltr'><strong> </strong></span> 
     </span>
    </p>
   </div>
  </div>
 </body>
</html>
