3192 5342
1275 471 1353 545 325

157 646 364 731 Potbrrsdorf,
389 646 484 710 altera
501 664 597 731 osque
613 646 861 730 septemtrionem
878 664 933 729 pro
949 647 1015 710 inre
1029 647 1234 730 possessionis
1251 648 1355 713 eccle·

155 757 201 819 sie
217 756 316 819 sancti
330 756 470 843 Georgii,
487 758 519 819 et
533 754 628 818 tercia
644 758 723 818 meta
740 774 795 838 pro
811 753 916 818 eadem
929 755 1125 838 possessione
1137 756 1241 838 serpo
1251 759 1354 840 prela·

155 868 250 926 torona
276 862 420 927 nobilium
443 883 549 926 versus
573 862 721 926 orientem
744 862 845 926 locent
868 861 1108 947 distinquentes‚
1137 864 1254 949 etipsa
1277 866 1355 931 valle

13 976 22 985 ’“
148 970 340 1052 egrediendo
363 970 402 1036 ad
417 977 533 1056 partem
550 969 775 1057 aquillonariam
793 970 831 1035 ad
848 970 1065 1053 longitudinem
1089 972 1194 1037 decem
1214 973 1354 1055 lugerum

154 1086 303 1143 terrarum
321 1078 481 1153 nobilium,
499 1086 588 1164 prout
604 1080 820 1145 sesecundum
838 1081 1085 1147 consuetudinem
1102 1082 1184 1148 illius
1198 1085 1354 1167 prouincie

153 1192 394 1271 compotatorum
406 1186 443 1250 ad
456 1187 543 1250 aliam
555 1185 663 1251 vallem
675 1188 958 1276 sonpuiesupamrm
973 1190 1003 1253 iu
1015 1190 1131 1272 uulgari
1145 1191 1355 1279 eppolpioncb

154 1296 334 1359 nominatam
346 1295 511 1367 tendendo,
529 1301 560 1359 et
576 1294 618 1358 ibi
634 1315 720 1360 anam
737 1302 846 1359 metam
859 1296 1029 1360 cursualem
1044 1299 1126 1382 ipsas
1142 1297 1216 1362 cluss
1229 1318 1353 1382 posses·

152 1404 259 1467 siones
287 1403 401 1469 domini
428 1402 547 1469 abbatis
571 1411 603 1467 et
626 1405 810 1488 prelatorum
835 1404 975 1468 nobilium
998 1404 1036 1470 ab
1060 1406 1187 1470 invicem
1208 1427 1353 1491 separan-

152 1516 214 1575 tem
230 1518 448 1586 renonessont3
467 1510 506 1576 de
522 1513 592 1576 binc
606 1511 644 1575 ad
661 1516 778 1595 partem
794 1511 1015 1577 occidentalem
1030 1513 1182 1577 flectendo
1199 1520 1230 1577 et
1246 1515 1354 1578 iterato

153 1621 189 1684 ad
213 1641 340 1706 spanum
363 1621 563 1706 longitudinis
585 1622 667 1684 dicte
690 1620 830 1702 Iugerum
852 1628 936 1686 terre
960 1620 1058 1686 eundo
1084 1624 1112 1685 in
1136 1623 1264 1707 quodam
1288 1623 1353 1688 loco

153 1750 267 1816 aquoso
281 1737 313 1794 et
325 1730 425 1795 bitoso
436 1731 465 1792 in
476 1729 592 1813 vulgari
604 1728 870 1795 bocbloboomine
882 1734 1045 1794 erexerunt
1057 1728 1116 1795 due
1130 1736 1208 1795 mete
1221 1733 1354 1816 antique,

155 1857 281 1923 quarum
294 1859 352 1902 ana
365 1837 540 1903 oborientia
553 1838 642 1924 plaga
655 1857 711 1923 pro
723 1838 1031 1924 possessioneBelgd
1044 1840 1284 1923 supradictorum
1298 1860 1354 1906 uo·

155 1947 270 2018 bilium,
284 1946 380 2010 altera
396 1966 468 2011 xero
484 1967 579 2033 osque
596 1947 785 2011 occidentem
797 1946 931 2011 existens
946 1952 977 2010 et
988 1966 1044 2031 pro
1058 1967 1135 2011 nnnc
1147 1953 1355 2032 renouatopro

157 2057 355 2140 possessione
370 2054 573 2139 Potbaosdorf
588 2054 776 2139 distinguere
792 2054 938 2128 deberet,
963 2055 1088 2121 ulterius
1109 2054 1147 2119 ad
1164 2055 1354 2120 occidentem

155 2165 336 2230 declinando
352 2164 389 2229 ad
407 2164 563 2249 quemdam
580 2170 720 2237 montem,
734 2166 824 2231 leben
841 2171 987 2239 vocatam,
1003 2186 1098 2251 penes
1115 2165 1212 2231 lacum
1225 2167 1355 2251 scribes

156 2272 341 2360 appellatum
364 2273 549 2338 adiacentem
566 2274 665 2338 eundo
682 2273 759 2337 etin
776 2273 882 2338 endam
899 2280 1001 2338 monte
1023 2294 1107 2339 roam
1124 2296 1230 2339 nouam
1247 2284 1357 2339 metam

157 2383 341 2458 erexissent,
357 2389 390 2446 et
401 2381 443 2446 ibi
457 2401 564 2446 cursus
578 2388 724 2447 metarum
737 2383 977 2468 supradictarum
990 2383 1116 2447 duarum
1128 2385 1354 2467 possessionum

156 2492 361 2576 Potbusdorf
366 2496 397 2556 et
404 2491 510 2577 Belgd
514 2492 726 2556 terminaretur
735 2492 768 2556 ln
779 2493 866 2557 cuius
879 2494 924 2558 rei
937 2493 1109 2557 memoriam
1118 2498 1356 2579 perpetuamque

155 2601 326 2666 firmitatem
338 2600 375 2664 od
389 2601 579 2684 presencium
592 2602 758 2684 peticiones
774 2607 937 2687 presentes
953 2603 1161 2668 concessimus
1177 2600 1280 2665 literne
1298 2621 1354 2666 no·

156 2718 235 2775 siras
254 2708 471 2794 priuilegiales‚
487 2710 650 2792 pendentis
666 2715 697 2773 et
713 2711 856 2776 autentici
871 2711 964 2793 sigilli
980 2710 1246 2795 nostrimunimine
1262 2708 1354 2774 robo-

156 2824 247 2884 ratas.
264 2819 374 2883 Datum
390 2820 420 2881 in
437 2816 518 2882 festo
534 2820 631 2884 sancti
643 2819 805 2885 Laurencii
823 2821 953 2886 mertinis
970 2839 1047 2885 anno
1063 2819 1177 2884 donnini
1194 2818 1353 2883 blillesimo

155 2926 246 2992 CCC·
260 2928 341 2992 ΙΨ
362 2947 439 2991 nono
461 2927 590 2992 dominis
609 2928 764 2994 Volroodo
781 2929 954 3012 preposito,
979 2930 1074 2994 Petro
1091 2927 1219 2999 lectore,
1235 2927 1354 2991 loanne

155 3042 295 3110 cantore,
312 3036 478 3102 Dmninico
498 3036 626 3101 custode
648 3039 824 3124 ceterisque
841 3037 968 3102 dominis
989 3041 1020 3101 et
1041 3035 1197 3100 canonicis
1220 3035 1353 3100 ecclesie

156 3150 258 3210 nostre
275 3143 473 3209 existentibus
490 3151 521 3209 et
536 3144 594 3210 deo
610 3144 825 3210 seruientibus.

230 3287 350 3359 original
362 3286 410 3344 eal
419 3287 587 3357 Pergameni,
601 3286 696 3343 desson
710 3286 801 3357 Siegel
816 3286 890 3342 iabit

670 3466 825 3549 cuxei.

156 3594 233 3666 itit,
245 3594 290 3654 ἢ
302 3592 431 3666 doiobor,
453 3592 625 3667 Vlssomd.
638 3624 675 3634 —
687 3593 776 3649 Jacob
789 3593 824 3649 de
838 3591 955 3668 Scopas,
963 3590 1057 3663 jedes
1070 3590 1169 3646 coriae
1181 3589 1230 3646 des
1243 3590 1354 3662 Kenios

159 3684 297 3757 isdooip'r
308 3702 364 3740 oon
380 3682 505 3754 Uagam,
523 3683 699 3741 beerbandct
711 3684 759 3740 die
776 3682 960 3755 pericbtliobe
972 3681 1176 3752 Berichtiprmp
1193 3681 1249 3737 der
1261 3682 1353 3737 Gren-

262 3792 316 3832 sca
328 3776 461 3845 ponem
473 3774 664 3846 Beritsongen
678 3775 730 3831 der
742 3775 825 3832 Abtei
840 3773 1059 3845 Heilipenlrrcss
1071 3772 1102 3828 io
1118 3773 1244 3842 Uagam

244 3905 308 3970 Nos
324 3925 426 3970 comes
442 3907 581 3972 Jacobos
596 3906 636 3971 do
651 3904 785 3993 Scopas,
797 3904 891 3987 judex
908 3905 991 3969 curie
1008 3903 1202 3967 Serenissimi
1220 3907 1250 3966 et
1267 3920 1353 3985 mag-

159 4012 234 4077 nifici
252 4012 414 4098 principis,
432 4013 549 4076 Domini
565 4012 729 4083 lodewici,
745 4011 802 4074 Dei
818 4012 922 4092 gracia
938 4009 1042 4093 inclyti
1059 4010 1163 4099 Regni
1177 4010 1354 4096 Hunpnrie,

157 4122 299 4194 Polemio,
323 4121 493 4187 Dnlmueic
509 4127 567 4185 eto.
592 4119 738 4183 memorie
762 4119 1006 4184 commendantes
1027 4123 1133 4182 tenore
1162 4119 1354 4202 presencium

159 4230 379 4311 significamus,
406 4229 516 4314 quibus
540 4228 663 4313 expedit
686 4228 854 4302 universis,
871 4227 951 4315 quod
967 4227 1120 4293 Nicotaus
1136 4227 1234 4291 dictus
1251 4227 1354 4314 Foipo

161 4357 209 4420 pro
228 4338 400 4427 Gregorio,
423 4336 484 4401 tilio
500 4337 606 4403 Belod
619 4336 659 4401 de
673 4335 923 4423 Eusebefleopb‚
953 4341 1025 4401 tunc
1041 4340 1240 4420 procuratore
1257 4335 1353 4398 literis

161 4446 364 4529 palatinalibus
392 4447 477 4530 juxta
509 4446 729 4510 continenciam
761 4444 915 4509 literarum
948 4449 1117 4508 nostrarum
1155 4443 1291 4527 proxime
1323 4442 1353 4506 iu

162 4560 260 4619 octaua
285 4555 355 4618 iesti
379 4554 459 4619 beati
488 4554 646 4620 Michaelis
674 4554 857 4637 Archangeli
890 4555 921 4617 in
949 4573 1026 4616 anno
1055 4550 1164 4616 domini
1193 4551 1353 4615 blillesimo

162 4661 261 4728 00οΝ
286 4665 379 4728 ins·
406 4669 513 4728 octauo
541 4661 697 4748 preteritis
728 4661 765 4726 nd
796 4667 930 4726 nostram
959 4660 1132 4727 accedendo
1163 4659 1354 4744 presenciam
