3192 5342
1262 466 1335 540 201

138 647 197 712 rnd
215 647 275 713 den
293 647 515 715 Werbnaobtsu
532 670 569 715 an
586 649 646 716 den
662 652 773 726 diensi,
790 650 866 716 oder
883 645 941 713 nob
959 643 1183 711 Welbnaobten
1200 642 1255 707 mit
1272 642 1341 707 dem

139 757 250 822 dienst.
285 756 351 823 Vod
368 758 425 823 dez
441 779 479 825 ze
495 760 666 833 credundo,
693 781 782 826 weun
804 760 861 823 wir
876 757 961 824 nicht
985 775 1083 841 sygen
1106 751 1209 837 insigil
1230 748 1341 822 beben,

137 866 240 949 geben
259 869 317 932 wir
342 869 372 931 in
395 867 480 933 diseo
503 869 586 954 priel
596 870 777 955 rersigllten
800 869 854 933 mit
876 885 983 931 rnsers
999 868 1208 947 vorgenantm
1226 860 1341 928 Grunt·

135 976 231 1041 berrn
247 977 364 1060 insipit,
379 977 435 1042 dez
452 976 563 1043 esbern
580 979 695 1044 llerren
713 976 794 1043 ilem
806 977 970 1065 nospsos,
989 993 1023 1037 ee
1041 971 1099 1036 den
1117 971 1215 1036 seiten
1227 970 1287 1055 dpt
1304 989 1340 1034 ze

136 1084 207 1148 dem
231 1086 379 1174 Heiliqcu
397 1085 548 1160 Cbreutz,
579 1088 637 1152 rud
666 1087 718 1152 mit
741 1086 798 1151 des
827 1083 936 1151 esbern
960 1081 1074 1146 llerren
1099 1079 1228 1163 insigel‚
1258 1078 1339 1142 llern

138 1194 306 1267 linceius,
323 1216 359 1258 uu
377 1194 436 1259 den
453 1195 554 1260 seiten
567 1195 699 1261 Pisaurer
717 1215 752 1259 ze
766 1194 888 1265 Puden,
906 1191 961 1257 der
978 1189 1061 1255 diser
1076 1187 1150 1253 sach
1163 1205 1284 1272 gezeug
1300 1187 1340 1250 ist

137 1302 197 1366 mit
220 1303 335 1368 seinem
357 1303 471 1387 iusigil.
504 1303 567 1369 lisr
583 1302 671 1369 Priel
687 1304 728 1369 ist
748 1302 849 1386 geben
871 1300 947 1365 nach
964 1298 1103 1364 Christos
1126 1295 1244 1380 gepurd
1268 1293 1343 1359 rber

137 1408 462 1475 dreutsebenbundert
478 1413 538 1484 iar.
563 1410 622 1477 rud
645 1409 758 1476 darnab
782 1411 812 1474 in
836 1407 904 1473 dem
928 1405 1023 1471 seben
1046 1404 1105 1470 vnd
1122 1403 1341 1487 visrtnigistem

138 1519 200 1590 iar,
218 1518 277 1583 dez
293 1518 436 1585 mitioben
453 1541 490 1585 an
507 1520 575 1585 dem
592 1520 737 1604 tschug.
795 1529 801 1540 '

218 1660 335 1732 ffigioal
348 1660 397 1718 ani
407 1661 563 1734 Pergameni
575 1662 622 1718 mit
634 1663 718 1718 eioem
733 1661 834 1733 Siagel
853 1660 896 1716 ein
909 1658 1017 1715 tersites
1030 1658 1106 1714 lelult

658 1880 828 1961 CXCVII.

150 2025 219 2085 Μ
226 2071 234 2097 ,
255 2025 281 2085 l.
298 2026 366 2086 Jnlt.
385 2058 418 2067 -
440 2025 501 2081 Das
513 2026 692 2101 Dossccpitel
710 2042 765 2081 coss
784 2023 867 2081 Roob
884 2021 1076 2084 bcurlrunslst,
1098 2022 1165 2077 dces
1176 2018 1275 2077 mure
1287 2038 1342 2077 voss

174 2115 279 2187 Eryke
291 2116 369 2172 scisse
381 2116 537 2186 Bceitmy
550 2116 671 2173 Pectus
684 2115 738 2172 der
749 2115 834 2171 Abtes'
851 2112 1068 2185 Heiltyesslrrcuz
1080 2111 1216 2185 sericati
1227 2111 1306 2167 bobr.

237 2259 406 2346 Capitulum
439 2262 619 2328 lacrimosis
640 2260 774 2327 ecclesio
807 2260 945 2325 omuibus
966 2259 1074 2324 christi
1099 2257 1240 2325 fidelibus
1268 2279 1343 2345 pre·

144 2368 282 2434 sentibus
299 2371 414 2454 pariter
429 2377 461 2435 et
483 2371 593 2436 tuturis
615 2372 807 2455 presencium
829 2371 970 2434 noticiam
994 2367 1142 2434 bsbitnris
1163 2368 1290 2432 salutem
1311 2369 1342 2432 in

145 2479 267 2544 domino
294 2481 520 2565 sempiternam.
553 2480 626 2546 Cum
655 2482 774 2557 omnia,
802 2501 862 2568 que
886 2499 923 2544 ex
950 2476 1029 2544 bono
1052 2477 1162 2542 mentis
1188 2478 1342 2564 proposito

144 2587 282 2673 bonaque
298 2588 523 2655 deliberacione
540 2589 613 2655 liunt
627 2590 659 2654 in
675 2595 822 2676 tempore,
838 2608 876 2653 ne
892 2593 991 2653 tractu
1002 2587 1149 2672 temporis
1165 2606 1222 2671 per
1237 2604 1343 2672 quem·

150 2699 230 2783 pium
244 2698 365 2782 possint
375 2699 424 2763 uel
436 2699 556 2764 ualeant
566 2700 717 2772 inmutari,
734 2697 771 2764 ad
784 2706 959 2785 perpetuam
972 2699 1019 2762 rei
1031 2697 1204 2762 memoriam
1220 2695 1345 2780 scriptis

148 2808 310 2871 autenticis
322 2807 528 2894 perempuiter
539 2808 745 2895 permansuris
764 2813 989 2873 consueuerunt
1000 2805 1185 2872 communiri.
1213 2803 1345 2870 Proinde

148 2915 185 2980 od
202 2916 342 2980 noticiam
358 2918 568 2982 uniuersorum
584 2917 687 2982 barum
704 2918 786 2982 serie
803 2917 940 2982 uolumus
956 2916 1127 3002 peruenire,
1144 2913 1224 3001 quod
1236 2913 1346 2979 lludrc

148 3022 186 3086 de
203 3024 318 3105 licykc
333 3044 389 3089 sno
405 3044 471 3089 oum
488 3026 662 3092 Benedicto
678 3024 740 3090 tilio
761 3045 816 3090 suo
838 3045 875 3090 ac
898 3024 1017 3090 domina
1033 3023 1186 3110 Elpsbstb
1203 3026 1345 3087 consorte

148 3154 213 3205 soa,
230 3153 288 3198 nec
306 3153 365 3199 non
381 3134 562 3201 Kotbericu
576 3134 636 3199 fllia
653 3155 706 3200 sua
723 3138 811 3220 parte
826 3154 862 3198 ex
879 3155 946 3207 una,
964 3134 1037 3198 ltem
1053 3134 1150 3222 Appii
1163 3139 1344 3219 procurator

149 3243 281 3308 ecclesie
304 3250 415 3314 sonmo
431 3244 542 3310 Crucis
564 3243 680 3309 ordinis
703 3243 929 3328 cysterciensis
951 3264 1048 3329 prope
1068 3245 1184 3309 Fortcu
1211 3246 1344 3308 existens

149 3352 175 3414 in
192 3369 324 3435 persona
339 3351 525 3417 honorabilis
542 3357 573 3417 et
588 3352 726 3436 religiosi
742 3353 799 3417 riri
818 3353 930 3418 domini
947 3353 1111 3440 leopoldy
1128 3350 1246 3418 abbatis
1262 3351 1345 3416 eius·

148 3457 214 3522 oen
231 3460 369 3525 ecclesie
383 3469 496 3528 sonmo
512 3463 623 3529 Oratus
637 3465 725 3548 parte
741 3482 777 3526 ex
793 3463 906 3534 altero,
923 3481 1026 3526 coram
1042 3460 1128 3526 nobis
1144 3460 1347 3545 personaliter

148 3570 302 3633 constituti
317 3589 374 3654 per
389 3569 513 3634 cosdem
529 3572 647 3643 Eudo.
665 3571 880 3644 benedictum,
897 3568 1072 3653 Elysubctb
1089 3575 1121 3634 et
1136 3569 1345 3636 liuthericum

147 3678 332 3762 propositum
349 3679 449 3744 extitit
470 3684 501 3744 et
522 3679 650 3746 relatum
673 3681 842 3747 ministerio
864 3680 933 3745 uiue
957 3680 1042 3745 uocis
1065 3678 1192 3745 inbono
1211 3678 1342 3750 modum,

146 3785 222 3870 quod
233 3786 384 3873 quandam
400 3790 624 3873 possessionem
638 3791 777 3857 Pactolon
793 3794 929 3856 vocatam
946 3793 978 3854 in
991 3789 1139 3855 Comitstu
1152 3790 1347 3856 Mosouicnsi

146 3915 238 3981 prope
254 3896 353 3961 lacum
364 3899 479 3982 fertem
490 3898 622 3965 habitam
635 3899 723 3966 titulo
740 3900 906 3985 empcionis
918 3898 1120 3965 mediantibus
1136 3899 1202 3964 aliis
1220 3899 1345 3963 bitteris

148 4005 259 4068 nostris
272 4004 517 4090 priuilegialibus
525 4006 633 4074 exinde
641 4010 790 4075 coniectis
803 4009 907 4091 uigore
917 4007 1087 4073 eorumdem
1100 4007 1267 4072 litterarum
1279 4008 1345 4091 pri·

148 4112 331 4196 nilegialium
348 4133 415 4178 cum
431 4116 582 4181 uniuersis
598 4116 775 4183 utilitatibus
792 4123 823 4182 et
838 4117 1039 4201 pertinenciis
1056 4116 1209 4193 eiusdem,
1236 4115 1345 4201 quibus

149 4220 204 4305 ipsi
220 4225 347 4287 amenus
362 4221 538 4289 habuissent
549 4230 581 4290 et
596 4226 818 4311 possedissent,
835 4224 934 4291 eidem
948 4226 1067 4291 domiuo
1077 4226 1235 4313 leopoldo
1248 4234 1279 4289 et
1291 4246 1346 4310 por

150 4348 213 4394 eum
240 4329 382 4416 predicte
405 4333 540 4399 ecclesie
555 4343 668 4401 sancte
685 4335 796 4403 Crucis
811 4356 868 4420 pro
881 4335 1096 4421 quinquaginta
1113 4333 1233 4399 talentis
1252 4335 1345 4400 dena·

151 4439 258 4503 riorum
266 4440 392 4505 latorum
404 4441 604 4527 Vyenuesium
613 4444 704 4530 plene
716 4444 984 4530 persolutorumab
993 4444 1101 4510 eodem
1114 4451 1344 4529 etreooptorum

151 4547 355 4613 vendidissent
381 4557 412 4614 et
427 4552 628 4618 vendiderunt
650 4574 750 4620 coram
768 4554 854 4619 nobis
871 4554 946 4620 lure
969 4562 1117 4640 perpetuu
1141 4558 1172 4619 et
1189 4554 1344 4619 irrevoca-

155 4652 250 4720 biliter
266 4657 490 4740 possidendam.
507 4663 666 4726 tenendam
684 4670 714 4726 et
731 4664 910 4734 habendam,
928 4663 1017 4728 dictis
1034 4671 1133 4727 autem
1152 4664 1218 4728 aliis
1235 4663 1343 4729 litteris
