<?xml version="1.0" encoding="UTF-8"?>
<!DOCTYPE html PUBLIC "-//W3C//DTD XHTML 1.0 Transitional//EN"
    "http://www.w3.org/TR/xhtml1/DTD/xhtml1-transitional.dtd">
<html xmlns="http://www.w3.org/1999/xhtml" xml:lang="en" lang="en">
 <head>
  <title>
</title>
<meta http-equiv="Content-Type" content="text/html;charset=utf-8" />
  <meta name='ocr-system' content='tesseract 3.04.00' />
  <meta name='ocr-capabilities' content='ocr_page ocr_carea ocr_par ocr_line ocrx_word'/>
</head>
<body>
  <div class='ocr_page' id='page_1' title='image "./fontesrerumaust07unkngoog_0341.png"; bbox 0 0 3192 5342; ppageno 0'>
   <div class='ocr_carea' id='block_1_1' title="bbox 238 415 315 486">
    <p class='ocr_par' dir='ltr' id='par_1_1' title="bbox 238 415 315 486">
     <span class='ocr_line' id='line_1_1' title="bbox 238 415 315 486; baseline -0.013 0"><span class='ocrx_word' id='word_1_1' title='bbox 238 415 315 486; x_wconf 80' lang='lat'><strong>326</strong></span> 
     </span>
    </p>
   </div>
   <div class='ocr_carea' id='block_1_2' title="bbox 234 589 1433 1113">
    <p class='ocr_par' dir='ltr' id='par_1_2' title="bbox 234 589 1433 1113">
     <span class='ocr_line' id='line_1_2' title="bbox 235 589 1431 677; baseline 0.004 -21"><span class='ocrx_word' id='word_1_2' title='bbox 235 595 339 656; x_wconf 81' lang='lat' dir='ltr'><strong>contra</strong></span> <span class='ocrx_word' id='word_1_3' title='bbox 367 589 544 673; x_wconf 82' lang='lat' dir='ltr'><strong>religiosum</strong></span> <span class='ocrx_word' id='word_1_4' title='bbox 572 590 684 664; x_wconf 71' lang='lat' dir='ltr'><strong>nuum,</strong></span> <span class='ocrx_word' id='word_1_5' title='bbox 712 591 848 656; x_wconf 89' lang='lat' dir='ltr'><strong>Fratrem</strong></span> <span class='ocrx_word' id='word_1_6' title='bbox 870 595 1107 666; x_wconf 71' lang='lat' dir='ltr'><strong>mmmmm,</strong></span> <span class='ocrx_word' id='word_1_7' title='bbox 1135 597 1311 677; x_wconf 79' lang='lat' dir='ltr'><strong>magistrum</strong></span> <span class='ocrx_word' id='word_1_8' title='bbox 1340 596 1431 661; x_wconf 71' lang='lat' dir='ltr'><strong>ease</strong></span> 
     </span>
     <span class='ocr_line' id='line_1_3' title="bbox 234 697 1429 789; baseline 0.001 -24"><span class='ocrx_word' id='word_1_9' title='bbox 234 699 320 766; x_wconf 85' lang='lat' dir='ltr'><strong>Noai</strong></span> <span class='ocrx_word' id='word_1_10' title='bbox 334 698 462 784; x_wconf 81' lang='lat' dir='ltr'><strong>predii,</strong></span> <span class='ocrx_word' id='word_1_11' title='bbox 486 697 629 782; x_wconf 87' lang='lat' dir='ltr'><strong>quasdam</strong></span> <span class='ocrx_word' id='word_1_12' title='bbox 656 697 772 765; x_wconf 74' lang='lat' dir='ltr'><strong>litteras</strong></span> <span class='ocrx_word' id='word_1_13' title='bbox 790 703 935 789; x_wconf 80' lang='lat' dir='ltr'><strong>Capituli</strong></span> <span class='ocrx_word' id='word_1_14' title='bbox 949 704 1082 769; x_wconf 73' lang='lat' dir='ltr'><strong>ecclesie</strong></span> <span class='ocrx_word' id='word_1_15' title='bbox 1097 703 1288 777; x_wconf 80' lang='lat' dir='ltr'><strong>Joaricasis,</strong></span> <span class='ocrx_word' id='word_1_16' title='bbox 1306 706 1429 768; x_wconf 86' lang='lat' dir='ltr'><strong>lorrnam</strong></span> 
     </span>
     <span class='ocr_line' id='line_1_4' title="bbox 234 806 1431 894; baseline 0.003 -22"><span class='ocrx_word' id='word_1_17' title='bbox 234 808 438 894; x_wconf 72' lang='lat' dir='ltr'><strong>possessionis</strong></span> <span class='ocrx_word' id='word_1_18' title='bbox 455 806 704 870; x_wconf 88' lang='lat' dir='ltr'><strong>reambulacioois</strong></span> <span class='ocrx_word' id='word_1_19' title='bbox 721 816 752 871; x_wconf 91' lang='lat' dir='ltr'><strong>et</strong></span> <span class='ocrx_word' id='word_1_20' title='bbox 774 810 1026 876; x_wconf 90' lang='lat' dir='ltr'><strong>contradictorum</strong></span> <span class='ocrx_word' id='word_1_21' title='bbox 1043 812 1237 877; x_wconf 90' lang='lat' dir='ltr'><strong>inbibicionis</strong></span> <span class='ocrx_word' id='word_1_22' title='bbox 1253 833 1289 876; x_wconf 92' lang='lat' dir='ltr'><strong>ac</strong></span> <span class='ocrx_word' id='word_1_23' title='bbox 1305 813 1431 877; x_wconf 88' lang='lat' dir='ltr'><strong>citaeia-</strong></span> 
     </span>
     <span class='ocr_line' id='line_1_5' title="bbox 236 914 1433 1001; baseline 0.003 -21"><span class='ocrx_word' id='word_1_24' title='bbox 236 918 283 980; x_wconf 90' lang='lat' dir='ltr'><strong>nis</strong></span> <span class='ocrx_word' id='word_1_25' title='bbox 307 915 498 979; x_wconf 76' lang='lat' dir='ltr'><strong>continentes</strong></span> <span class='ocrx_word' id='word_1_26' title='bbox 520 914 647 979; x_wconf 84' lang='lat' dir='ltr'><strong>Domino</strong></span> <span class='ocrx_word' id='word_1_27' title='bbox 671 922 774 980; x_wconf 92' lang='lat' dir='ltr'><strong>nostro</strong></span> <span class='ocrx_word' id='word_1_28' title='bbox 803 920 871 1001; x_wconf 81' lang='lat' dir='ltr'><strong>regi</strong></span> <span class='ocrx_word' id='word_1_29' title='bbox 893 920 931 982; x_wconf 88' lang='lat' dir='ltr'><strong>ad</strong></span> <span class='ocrx_word' id='word_1_30' title='bbox 953 919 1129 985; x_wconf 87' lang='lat' dir='ltr'><strong>litterarium</strong></span> <span class='ocrx_word' id='word_1_31' title='bbox 1152 940 1238 984; x_wconf 89' lang='lat' dir='ltr'><strong>snum</strong></span> <span class='ocrx_word' id='word_1_32' title='bbox 1260 922 1433 985; x_wconf 83' lang='lat' dir='ltr'><strong>mandatum</strong></span> 
     </span>
     <span class='ocr_line' id='line_1_6' title="bbox 234 1025 1431 1113; baseline 0.003 -23"><span class='ocrx_word' id='word_1_33' title='bbox 234 1027 428 1110; x_wconf 87' lang='lat' dir='ltr'><strong>responsales</strong></span> <span class='ocrx_word' id='word_1_34' title='bbox 448 1032 645 1110; x_wconf 82' lang='lat' dir='ltr'><strong>tenoremque</strong></span> <span class='ocrx_word' id='word_1_35' title='bbox 668 1025 836 1091; x_wconf 88' lang='lat' dir='ltr'><strong>litterarum</strong></span> <span class='ocrx_word' id='word_1_36' title='bbox 853 1028 1000 1109; x_wconf 79' lang='lat' dir='ltr'><strong>regalium</strong></span> <span class='ocrx_word' id='word_1_37' title='bbox 1022 1030 1081 1112; x_wconf 92' lang='lat' dir='ltr'><strong>ipsi</strong></span> <span class='ocrx_word' id='word_1_38' title='bbox 1098 1027 1236 1113; x_wconf 77' lang='lat' dir='ltr'><strong>capitula</strong></span> <span class='ocrx_word' id='word_1_39' title='bbox 1252 1031 1431 1094; x_wconf 80' lang='lat' dir='ltr'><strong>dictatorum</strong></span> 
     </span>
    </p>
   </div>
   <div class='ocr_carea' id='block_1_3' title="bbox 234 1133 1445 4688">
    <p class='ocr_par' dir='ltr' id='par_1_3' title="bbox 234 1133 1445 4688">
     <span class='ocr_line' id='line_1_7' title="bbox 234 1133 1434 1227; baseline 0.003 -26"><span class='ocrx_word' id='word_1_40' title='bbox 234 1134 399 1201; x_wconf 72' lang='lat' dir='ltr'><strong>verbaliter</strong></span> <span class='ocrx_word' id='word_1_41' title='bbox 419 1134 452 1197; x_wconf 92' lang='lat' dir='ltr'><strong>in</strong></span> <span class='ocrx_word' id='word_1_42' title='bbox 472 1153 508 1198; x_wconf 92' lang='lat' dir='ltr'><strong>se</strong></span> <span class='ocrx_word' id='word_1_43' title='bbox 529 1133 679 1199; x_wconf 88' lang='lat' dir='ltr'><strong>babentes</strong></span> <span class='ocrx_word' id='word_1_44' title='bbox 700 1155 860 1208; x_wconf 87' lang='lat' dir='ltr'><strong>asserens,</strong></span> <span class='ocrx_word' id='word_1_45' title='bbox 881 1138 1110 1203; x_wconf 84' lang='lat' dir='ltr'><strong>attestaeionem</strong></span> <span class='ocrx_word' id='word_1_46' title='bbox 1133 1138 1263 1221; x_wconf 90' lang='lat' dir='ltr'><strong>predicti</strong></span> <span class='ocrx_word' id='word_1_47' title='bbox 1281 1139 1434 1227; x_wconf 77' lang='lat' dir='ltr'><strong>Greporii</strong></span> 
     </span>
     <span class='ocr_line' id='line_1_8' title="bbox 234 1243 1431 1331; baseline 0.004 -25"><span class='ocrx_word' id='word_1_48' title='bbox 234 1243 345 1307; x_wconf 88' lang='lat' dir='ltr'><strong>litteris</strong></span> <span class='ocrx_word' id='word_1_49' title='bbox 361 1245 392 1306; x_wconf 91' lang='lat' dir='ltr'><strong>iu</strong></span> <span class='ocrx_word' id='word_1_50' title='bbox 409 1243 524 1307; x_wconf 88' lang='lat' dir='ltr'><strong>eisdem</strong></span> <span class='ocrx_word' id='word_1_51' title='bbox 540 1243 722 1308; x_wconf 89' lang='lat' dir='ltr'><strong>contrarium</strong></span> <span class='ocrx_word' id='word_1_52' title='bbox 737 1244 827 1308; x_wconf 89' lang='lat' dir='ltr'><strong>nobis</strong></span> <span class='ocrx_word' id='word_1_53' title='bbox 843 1251 1032 1327; x_wconf 82' lang='lat' dir='ltr'><strong>presentamt</strong></span> <span class='ocrx_word' id='word_1_54' title='bbox 1047 1245 1251 1318; x_wconf 89' lang='lat' dir='ltr'><strong>declarantes,</strong></span> <span class='ocrx_word' id='word_1_55' title='bbox 1267 1249 1347 1331; x_wconf 84' lang='lat' dir='ltr'><strong>quod</strong></span> <span class='ocrx_word' id='word_1_56' title='bbox 1364 1268 1431 1311; x_wconf 88' lang='lat' dir='ltr'><strong>cum</strong></span> 
     </span>
     <span class='ocr_line' id='line_1_9' title="bbox 235 1350 1433 1438; baseline 0.006 -24"><span class='ocrx_word' id='word_1_57' title='bbox 235 1351 315 1415; x_wconf 91' lang='lat' dir='ltr'><strong>idem</strong></span> <span class='ocrx_word' id='word_1_58' title='bbox 335 1350 508 1437; x_wconf 76' lang='lat' dir='ltr'><strong>Greporins</strong></span> <span class='ocrx_word' id='word_1_59' title='bbox 523 1357 608 1416; x_wconf 89' lang='lat' dir='ltr'><strong>actor</strong></span> <span class='ocrx_word' id='word_1_60' title='bbox 624 1355 759 1435; x_wconf 87' lang='lat' dir='ltr'><strong>acceptis</strong></span> <span class='ocrx_word' id='word_1_61' title='bbox 774 1354 883 1425; x_wconf 83' lang='lat' dir='ltr'><strong>Petro,</strong></span> <span class='ocrx_word' id='word_1_62' title='bbox 895 1354 964 1438; x_wconf 82' lang='lat' dir='ltr'><strong>filio</strong></span> <span class='ocrx_word' id='word_1_63' title='bbox 980 1355 1076 1420; x_wconf 76' lang='lat' dir='ltr'><strong>Pauli</strong></span> <span class='ocrx_word' id='word_1_64' title='bbox 1090 1354 1129 1418; x_wconf 88' lang='lat' dir='ltr'><strong>de</strong></span> <span class='ocrx_word' id='word_1_65' title='bbox 1145 1356 1272 1437; x_wconf 84' lang='lat' dir='ltr'><strong>chacb</strong></span> <span class='ocrx_word' id='word_1_66' title='bbox 1289 1362 1321 1419; x_wconf 90' lang='lat' dir='ltr'><strong>et</strong></span> <span class='ocrx_word' id='word_1_67' title='bbox 1337 1357 1433 1421; x_wconf 81' lang='lat' dir='ltr'><strong>Petro</strong></span> 
     </span>
     <span class='ocr_line' id='line_1_10' title="bbox 236 1459 1432 1547; baseline 0.001 -22"><span class='ocrx_word' id='word_1_68' title='bbox 236 1460 365 1530; x_wconf 90' lang='lat' dir='ltr'><strong>clerico,</strong></span> <span class='ocrx_word' id='word_1_69' title='bbox 391 1459 465 1523; x_wconf 90' lang='lat' dir='ltr'><strong>dicti</strong></span> <span class='ocrx_word' id='word_1_70' title='bbox 481 1459 610 1543; x_wconf 82' lang='lat' dir='ltr'><strong>Capituli</strong></span> <span class='ocrx_word' id='word_1_71' title='bbox 625 1460 812 1532; x_wconf 88' lang='lat' dir='ltr'><strong>bominibus,</strong></span> <span class='ocrx_word' id='word_1_72' title='bbox 836 1461 915 1525; x_wconf 86' lang='lat' dir='ltr'><strong>teria</strong></span> <span class='ocrx_word' id='word_1_73' title='bbox 931 1463 1063 1526; x_wconf 89' lang='lat' dir='ltr'><strong>secunda</strong></span> <span class='ocrx_word' id='word_1_74' title='bbox 1086 1464 1218 1544; x_wconf 82' lang='lat' dir='ltr'><strong>proxima</strong></span> <span class='ocrx_word' id='word_1_75' title='bbox 1236 1470 1306 1547; x_wconf 85' lang='lat' dir='ltr'><strong>post</strong></span> <span class='ocrx_word' id='word_1_76' title='bbox 1320 1464 1432 1528; x_wconf 86' lang='lat' dir='ltr'><strong>testum</strong></span> 
     </span>
     <span class='ocr_line' id='line_1_11' title="bbox 236 1568 1436 1655; baseline 0.005 -24"><span class='ocrx_word' id='word_1_77' title='bbox 236 1568 436 1632; x_wconf 76' lang='lat' dir='ltr'><strong>Pentecosten</strong></span> <span class='ocrx_word' id='word_1_78' title='bbox 452 1569 586 1651; x_wconf 80' lang='lat' dir='ltr'><strong>proxime</strong></span> <span class='ocrx_word' id='word_1_79' title='bbox 612 1575 683 1633; x_wconf 84' lang='lat' dir='ltr'><strong>tuac</strong></span> <span class='ocrx_word' id='word_1_80' title='bbox 699 1570 876 1652; x_wconf 88' lang='lat' dir='ltr'><strong>preteritum</strong></span> <span class='ocrx_word' id='word_1_81' title='bbox 900 1570 936 1633; x_wconf 91' lang='lat' dir='ltr'><strong>ad</strong></span> <span class='ocrx_word' id='word_1_82' title='bbox 959 1571 1067 1635; x_wconf 84' lang='lat' dir='ltr'><strong>taciem</strong></span> <span class='ocrx_word' id='word_1_83' title='bbox 1083 1572 1286 1655; x_wconf 82' lang='lat' dir='ltr'><strong>possessionis</strong></span> <span class='ocrx_word' id='word_1_84' title='bbox 1310 1572 1436 1637; x_wconf 78' lang='lat' dir='ltr'><strong>Wsliad</strong></span> 
     </span>
     <span class='ocr_line' id='line_1_12' title="bbox 241 1677 1433 1763; baseline 0.002 -21"><span class='ocrx_word' id='word_1_85' title='bbox 241 1682 366 1748; x_wconf 83' lang='lat' dir='ltr'><strong>vocate,</strong></span> <span class='ocrx_word' id='word_1_86' title='bbox 384 1677 490 1740; x_wconf 86' lang='lat' dir='ltr'><strong>ricinis</strong></span> <span class='ocrx_word' id='word_1_87' title='bbox 506 1681 536 1740; x_wconf 91' lang='lat' dir='ltr'><strong>et</strong></span> <span class='ocrx_word' id='word_1_88' title='bbox 552 1678 768 1742; x_wconf 90' lang='lat' dir='ltr'><strong>commetaaeis</strong></span> <span class='ocrx_word' id='word_1_89' title='bbox 784 1680 849 1742; x_wconf 91' lang='lat' dir='ltr'><strong>suis</strong></span> <span class='ocrx_word' id='word_1_90' title='bbox 864 1680 1012 1743; x_wconf 85' lang='lat' dir='ltr'><strong>rainersis</strong></span> <span class='ocrx_word' id='word_1_91' title='bbox 1027 1680 1089 1743; x_wconf 88' lang='lat' dir='ltr'><strong>illic</strong></span> <span class='ocrx_word' id='word_1_92' title='bbox 1104 1680 1239 1763; x_wconf 84' lang='lat' dir='ltr'><strong>legitime</strong></span> <span class='ocrx_word' id='word_1_93' title='bbox 1256 1682 1433 1744; x_wconf 87' lang='lat' dir='ltr'><strong>conuocatis</strong></span> 
     </span>
     <span class='ocr_line' id='line_1_13' title="bbox 238 1784 1435 1872; baseline 0.003 -24"><span class='ocrx_word' id='word_1_94' title='bbox 238 1784 414 1851; x_wconf 88' lang='lat' dir='ltr'><strong>accedendo</strong></span> <span class='ocrx_word' id='word_1_95' title='bbox 431 1785 618 1867; x_wconf 80' lang='lat' dir='ltr'><strong>eandemque</strong></span> <span class='ocrx_word' id='word_1_96' title='bbox 640 1806 696 1869; x_wconf 89' lang='lat' dir='ltr'><strong>per</strong></span> <span class='ocrx_word' id='word_1_97' title='bbox 713 1806 784 1850; x_wconf 87' lang='lat' dir='ltr'><strong>suas</strong></span> <span class='ocrx_word' id='word_1_98' title='bbox 800 1806 888 1850; x_wconf 86' lang='lat' dir='ltr'><strong>raras</strong></span> <span class='ocrx_word' id='word_1_99' title='bbox 906 1795 1002 1851; x_wconf 89' lang='lat' dir='ltr'><strong>metas</strong></span> <span class='ocrx_word' id='word_1_100' title='bbox 1019 1794 1050 1850; x_wconf 90' lang='lat' dir='ltr'><strong>et</strong></span> <span class='ocrx_word' id='word_1_101' title='bbox 1065 1788 1204 1872; x_wconf 82' lang='lat' dir='ltr'><strong>antiquas</strong></span> <span class='ocrx_word' id='word_1_102' title='bbox 1221 1788 1435 1853; x_wconf 85' lang='lat' dir='ltr'><strong>reambulando</strong></span> 
     </span>
     <span class='ocr_line' id='line_1_14' title="bbox 239 1891 1436 1982; baseline 0.002 -25"><span class='ocrx_word' id='word_1_103' title='bbox 239 1893 276 1957; x_wconf 91' lang='lat' dir='ltr'><strong>ab</strong></span> <span class='ocrx_word' id='word_1_104' title='bbox 298 1891 425 1957; x_wconf 91' lang='lat' dir='ltr'><strong>aliorum</strong></span> <span class='ocrx_word' id='word_1_105' title='bbox 447 1893 676 1978; x_wconf 91' lang='lat' dir='ltr'><strong>possessionum</strong></span> <span class='ocrx_word' id='word_1_106' title='bbox 703 1894 949 1977; x_wconf 84' lang='lat' dir='ltr'><strong>protensionibus</strong></span> <span class='ocrx_word' id='word_1_107' title='bbox 971 1895 1149 1982; x_wconf 91' lang='lat' dir='ltr'><strong>quibusdam</strong></span> <span class='ocrx_word' id='word_1_108' title='bbox 1171 1897 1259 1961; x_wconf 88' lang='lat' dir='ltr'><strong>nouis</strong></span> <span class='ocrx_word' id='word_1_109' title='bbox 1282 1896 1386 1968; x_wconf 88' lang='lat' dir='ltr'><strong>metis,</strong></span> <span class='ocrx_word' id='word_1_110' title='bbox 1404 1897 1436 1959; x_wconf 92' lang='lat' dir='ltr'><strong>in</strong></span> 
     </span>
     <span class='ocr_line' id='line_1_15' title="bbox 239 2002 1436 2088; baseline 0.001 -22"><span class='ocrx_word' id='word_1_111' title='bbox 239 2004 338 2068; x_wconf 90' lang='lat' dir='ltr'><strong>tribus</strong></span> <span class='ocrx_word' id='word_1_112' title='bbox 361 2002 438 2066; x_wconf 92' lang='lat' dir='ltr'><strong>locis</strong></span> <span class='ocrx_word' id='word_1_113' title='bbox 460 2002 589 2074; x_wconf 87' lang='lat' dir='ltr'><strong>erectis,</strong></span> <span class='ocrx_word' id='word_1_114' title='bbox 611 2005 749 2085; x_wconf 86' lang='lat' dir='ltr'><strong>separari</strong></span> <span class='ocrx_word' id='word_1_115' title='bbox 771 2008 803 2067; x_wconf 91' lang='lat' dir='ltr'><strong>et</strong></span> <span class='ocrx_word' id='word_1_116' title='bbox 820 2002 879 2075; x_wconf 89' lang='lat' dir='ltr'><strong>sibi</strong></span> <span class='ocrx_word' id='word_1_117' title='bbox 902 2024 958 2086; x_wconf 90' lang='lat' dir='ltr'><strong>per</strong></span> <span class='ocrx_word' id='word_1_118' title='bbox 974 2004 1097 2070; x_wconf 90' lang='lat' dir='ltr'><strong>eosdem</strong></span> <span class='ocrx_word' id='word_1_119' title='bbox 1112 2005 1239 2085; x_wconf 81' lang='lat' dir='ltr'><strong>Regium</strong></span> <span class='ocrx_word' id='word_1_120' title='bbox 1256 2010 1287 2067; x_wconf 92' lang='lat' dir='ltr'><strong>et</strong></span> <span class='ocrx_word' id='word_1_121' title='bbox 1303 2005 1436 2088; x_wconf 87' lang='lat' dir='ltr'><strong>predicti</strong></span> 
     </span>
     <span class='ocr_line' id='line_1_16' title="bbox 240 2109 1436 2207; baseline 0.002 -34"><span class='ocrx_word' id='word_1_122' title='bbox 240 2109 372 2195; x_wconf 80' lang='lat' dir='ltr'><strong>Capituli</strong></span> <span class='ocrx_word' id='word_1_123' title='bbox 398 2110 536 2174; x_wconf 87' lang='lat' dir='ltr'><strong>homines</strong></span> <span class='ocrx_word' id='word_1_124' title='bbox 559 2113 648 2174; x_wconf 87' lang='lat' dir='ltr'><strong>statui</strong></span> <span class='ocrx_word' id='word_1_125' title='bbox 671 2111 775 2207; x_wconf 78' lang='lat' dir='ltr'><strong>facere</strong></span> <span class='ocrx_word' id='word_1_126' title='bbox 790 2110 939 2177; x_wconf 90' lang='lat' dir='ltr'><strong>noluisset</strong></span> <span class='ocrx_word' id='word_1_127' title='bbox 955 2119 1102 2198; x_wconf 86' lang='lat' dir='ltr'><strong>perpetuo</strong></span> <span class='ocrx_word' id='word_1_128' title='bbox 1119 2114 1348 2197; x_wconf 86' lang='lat' dir='ltr'><strong>possidendam,</strong></span> <span class='ocrx_word' id='word_1_129' title='bbox 1375 2111 1436 2176; x_wconf 84' lang='lat' dir='ltr'><strong>alio</strong></span> 
     </span>
     <span class='ocr_line' id='line_1_17' title="bbox 241 2210 1438 2307; baseline 0.002 -24"><span class='ocrx_word' id='word_1_130' title='bbox 241 2219 323 2284; x_wconf 92' lang='lat' dir='ltr'><strong>nullo</strong></span> <span class='ocrx_word' id='word_1_131' title='bbox 340 2219 565 2284; x_wconf 79' lang='lat' dir='ltr'><strong>contradictore</strong></span> <span class='ocrx_word' id='word_1_132' title='bbox 582 2210 757 2303; x_wconf 75' lang='lat' dir='ltr'><strong>apparente,</strong></span> <span class='ocrx_word' id='word_1_133' title='bbox 771 2218 935 2303; x_wconf 79' lang='lat' dir='ltr'><strong>religiosus</strong></span> <span class='ocrx_word' id='word_1_134' title='bbox 950 2223 998 2284; x_wconf 90' lang='lat' dir='ltr'><strong>uir</strong></span> <span class='ocrx_word' id='word_1_135' title='bbox 1013 2220 1121 2285; x_wconf 87' lang='lat' dir='ltr'><strong>Frater·</strong></span> <span class='ocrx_word' id='word_1_136' title='bbox 1138 2222 1292 2307; x_wconf 65' lang='lat' dir='ltr'><strong>Georpasa</strong></span> <span class='ocrx_word' id='word_1_137' title='bbox 1308 2221 1338 2283; x_wconf 91' lang='lat' dir='ltr'><strong>in</strong></span> <span class='ocrx_word' id='word_1_138' title='bbox 1353 2242 1438 2285; x_wconf 77' lang='lat' dir='ltr'><strong>storto</strong></span> 
     </span>
     <span class='ocr_line' id='line_1_18' title="bbox 238 2327 1440 2413; baseline 0 -21"><span class='ocrx_word' id='word_1_139' title='bbox 238 2329 369 2413; x_wconf 78' lang='lat' dir='ltr'><strong>predio,</strong></span> <span class='ocrx_word' id='word_1_140' title='bbox 392 2328 451 2392; x_wconf 89' lang='lat' dir='ltr'><strong>alio</strong></span> <span class='ocrx_word' id='word_1_141' title='bbox 474 2328 593 2392; x_wconf 88' lang='lat' dir='ltr'><strong>nomiae</strong></span> <span class='ocrx_word' id='word_1_142' title='bbox 608 2328 838 2395; x_wconf 75' lang='lat' dir='ltr'><strong>Manacboram</strong></span> <span class='ocrx_word' id='word_1_143' title='bbox 853 2330 945 2394; x_wconf 82' lang='lat' dir='ltr'><strong>caria</strong></span> <span class='ocrx_word' id='word_1_144' title='bbox 962 2336 1087 2399; x_wconf 86' lang='lat' dir='ltr'><strong>uocate,</strong></span> <span class='ocrx_word' id='word_1_145' title='bbox 1112 2347 1300 2392; x_wconf 89' lang='lat' dir='ltr'><strong>commorans</strong></span> <span class='ocrx_word' id='word_1_146' title='bbox 1317 2327 1347 2389; x_wconf 90' lang='lat' dir='ltr'><strong>ia</strong></span> <span class='ocrx_word' id='word_1_147' title='bbox 1365 2349 1440 2411; x_wconf 88' lang='lat' dir='ltr'><strong>per-</strong></span> 
     </span>
     <span class='ocr_line' id='line_1_19' title="bbox 241 2436 1438 2519; baseline -0.002 -18"><span class='ocrx_word' id='word_1_148' title='bbox 241 2458 314 2501; x_wconf 88' lang='lat' dir='ltr'><strong>sona</strong></span> <span class='ocrx_word' id='word_1_149' title='bbox 330 2436 467 2519; x_wconf 80' lang='lat' dir='ltr'><strong>religiosi</strong></span> <span class='ocrx_word' id='word_1_150' title='bbox 482 2437 555 2508; x_wconf 82' lang='lat' dir='ltr'><strong>riri.</strong></span> <span class='ocrx_word' id='word_1_151' title='bbox 579 2437 696 2501; x_wconf 80' lang='lat' dir='ltr'><strong>Fratris</strong></span> <span class='ocrx_word' id='word_1_152' title='bbox 711 2436 906 2509; x_wconf 77' lang='lat' dir='ltr'><strong>Hmmanai,</strong></span> <span class='ocrx_word' id='word_1_153' title='bbox 931 2437 1067 2518; x_wconf 77' lang='lat' dir='ltr'><strong>magistri</strong></span> <span class='ocrx_word' id='word_1_154' title='bbox 1085 2444 1241 2515; x_wconf 84' lang='lat' dir='ltr'><strong>prenotate</strong></span> <span class='ocrx_word' id='word_1_155' title='bbox 1259 2438 1363 2508; x_wconf 69' lang='lat' dir='ltr'><strong>diaria</strong></span> <span class='ocrx_word' id='word_1_156' title='bbox 1380 2457 1438 2501; x_wconf 89' lang='lat' dir='ltr'><strong>seu</strong></span> 
     </span>
     <span class='ocr_line' id='line_1_20' title="bbox 242 2544 1441 2628; baseline -0.002 -19"><span class='ocrx_word' id='word_1_157' title='bbox 242 2545 320 2610; x_wconf 81' lang='lat' dir='ltr'><strong>maai</strong></span> <span class='ocrx_word' id='word_1_158' title='bbox 331 2544 442 2628; x_wconf 80' lang='lat' dir='ltr'><strong>predii</strong></span> <span class='ocrx_word' id='word_1_159' title='bbox 456 2546 626 2609; x_wconf 88' lang='lat' dir='ltr'><strong>statuicioai</strong></span> <span class='ocrx_word' id='word_1_160' title='bbox 650 2545 789 2628; x_wconf 90' lang='lat' dir='ltr'><strong>predicte</strong></span> <span class='ocrx_word' id='word_1_161' title='bbox 812 2547 1019 2628; x_wconf 88' lang='lat' dir='ltr'><strong>possessionis</strong></span> <span class='ocrx_word' id='word_1_162' title='bbox 1041 2545 1167 2611; x_wconf 73' lang='lat' dir='ltr'><strong>Wcle&#39;ad</strong></span> <span class='ocrx_word' id='word_1_163' title='bbox 1181 2547 1210 2607; x_wconf 89' lang='lat' dir='ltr'><strong>in</strong></span> <span class='ocrx_word' id='word_1_164' title='bbox 1228 2544 1344 2608; x_wconf 90' lang='lat' dir='ltr'><strong>dnobus</strong></span> <span class='ocrx_word' id='word_1_165' title='bbox 1360 2544 1441 2608; x_wconf 90' lang='lat' dir='ltr'><strong>locis</strong></span> 
     </span>
     <span class='ocr_line' id='line_1_21' title="bbox 242 2651 1440 2737; baseline -0.001 -21"><span class='ocrx_word' id='word_1_166' title='bbox 242 2673 296 2717; x_wconf 90' lang='lat' dir='ltr'><strong>sen</strong></span> <span class='ocrx_word' id='word_1_167' title='bbox 313 2653 460 2737; x_wconf 87' lang='lat' dir='ltr'><strong>partibus,</strong></span> <span class='ocrx_word' id='word_1_168' title='bbox 477 2652 619 2717; x_wconf 79' lang='lat' dir='ltr'><strong>videlicet</strong></span> <span class='ocrx_word' id='word_1_169' title='bbox 635 2651 766 2717; x_wconf 85' lang='lat' dir='ltr'><strong>Orientis</strong></span> <span class='ocrx_word' id='word_1_170' title='bbox 782 2660 815 2718; x_wconf 87' lang='lat' dir='ltr'><strong>et</strong></span> <span class='ocrx_word' id='word_1_171' title='bbox 830 2653 1006 2718; x_wconf 76' lang='lat' dir='ltr'><strong>Occidentis</strong></span> <span class='ocrx_word' id='word_1_172' title='bbox 1023 2653 1122 2737; x_wconf 77' lang='lat' dir='ltr'><strong>plagis</strong></span> <span class='ocrx_word' id='word_1_173' title='bbox 1138 2651 1346 2717; x_wconf 87' lang='lat' dir='ltr'><strong>adiacentibus</strong></span> <span class='ocrx_word' id='word_1_174' title='bbox 1362 2672 1440 2716; x_wconf 89' lang='lat' dir='ltr'><strong>con-</strong></span> 
     </span>
     <span class='ocr_line' id='line_1_22' title="bbox 240 2760 1442 2846; baseline -0.004 -20"><span class='ocrx_word' id='word_1_175' title='bbox 240 2760 415 2826; x_wconf 85' lang='lat' dir='ltr'><strong>tradixisset</strong></span> <span class='ocrx_word' id='word_1_176' title='bbox 430 2767 461 2824; x_wconf 91' lang='lat' dir='ltr'><strong>et</strong></span> <span class='ocrx_word' id='word_1_177' title='bbox 477 2760 693 2844; x_wconf 84' lang='lat' dir='ltr'><strong>perhibuisset,</strong></span> <span class='ocrx_word' id='word_1_178' title='bbox 710 2781 800 2846; x_wconf 87' lang='lat' dir='ltr'><strong>quem</strong></span> <span class='ocrx_word' id='word_1_179' title='bbox 817 2761 938 2846; x_wconf 90' lang='lat' dir='ltr'><strong>quidem</strong></span> <span class='ocrx_word' id='word_1_180' title='bbox 950 2763 1087 2826; x_wconf 83' lang='lat' dir='ltr'><strong>Fratrem</strong></span> <span class='ocrx_word' id='word_1_181' title='bbox 1099 2763 1325 2832; x_wconf 73' lang='lat' dir='ltr'><strong>Hmnammo,</strong></span> <span class='ocrx_word' id='word_1_182' title='bbox 1342 2760 1442 2842; x_wconf 86' lang='lat' dir='ltr'><strong>magi-</strong></span> 
     </span>
     <span class='ocr_line' id='line_1_23' title="bbox 241 2867 1440 2957; baseline 0 -23"><span class='ocrx_word' id='word_1_183' title='bbox 241 2876 337 2934; x_wconf 89' lang='lat' dir='ltr'><strong>strum</strong></span> <span class='ocrx_word' id='word_1_184' title='bbox 353 2870 448 2952; x_wconf 91' lang='lat' dir='ltr'><strong>ipsius</strong></span> <span class='ocrx_word' id='word_1_185' title='bbox 465 2867 555 2933; x_wconf 81' lang='lat' dir='ltr'><strong>Curis</strong></span> <span class='ocrx_word' id='word_1_186' title='bbox 577 2868 692 2933; x_wconf 86' lang='lat' dir='ltr'><strong>ibidem</strong></span> <span class='ocrx_word' id='word_1_187' title='bbox 715 2875 746 2933; x_wconf 92' lang='lat' dir='ltr'><strong>et</strong></span> <span class='ocrx_word' id='word_1_188' title='bbox 762 2871 868 2934; x_wconf 88' lang='lat' dir='ltr'><strong>eodem</strong></span> <span class='ocrx_word' id='word_1_189' title='bbox 885 2871 935 2936; x_wconf 89' lang='lat' dir='ltr'><strong>die</strong></span> <span class='ocrx_word' id='word_1_190' title='bbox 952 2878 1057 2933; x_wconf 82' lang='lat' dir='ltr'><strong>oontm</strong></span> <span class='ocrx_word' id='word_1_191' title='bbox 1074 2870 1221 2953; x_wconf 85' lang='lat' dir='ltr'><strong>prefatum</strong></span> <span class='ocrx_word' id='word_1_192' title='bbox 1240 2870 1440 2957; x_wconf 73' lang='lat' dir='ltr'><strong>Greporima,</strong></span> 
     </span>
     <span class='ocr_line' id='line_1_24' title="bbox 240 2977 1438 3061; baseline -0.003 -17"><span class='ocrx_word' id='word_1_193' title='bbox 240 2978 335 3044; x_wconf 90' lang='lat' dir='ltr'><strong>lilium</strong></span> <span class='ocrx_word' id='word_1_194' title='bbox 349 2979 455 3043; x_wconf 80' lang='lat' dir='ltr'><strong>Balad</strong></span> <span class='ocrx_word' id='word_1_195' title='bbox 474 2981 503 3042; x_wconf 92' lang='lat' dir='ltr'><strong>in</strong></span> <span class='ocrx_word' id='word_1_196' title='bbox 522 2978 639 3061; x_wconf 83' lang='lat' dir='ltr'><strong>regiam</strong></span> <span class='ocrx_word' id='word_1_197' title='bbox 655 2978 844 3061; x_wconf 85' lang='lat' dir='ltr'><strong>presenciam</strong></span> <span class='ocrx_word' id='word_1_198' title='bbox 862 2979 900 3042; x_wconf 89' lang='lat' dir='ltr'><strong>ad</strong></span> <span class='ocrx_word' id='word_1_199' title='bbox 916 2984 1052 3043; x_wconf 87' lang='lat' dir='ltr'><strong>octauam</strong></span> <span class='ocrx_word' id='word_1_200' title='bbox 1068 2977 1138 3042; x_wconf 82' lang='lat' dir='ltr'><strong>festi</strong></span> <span class='ocrx_word' id='word_1_201' title='bbox 1154 2980 1328 3061; x_wconf 90' lang='lat' dir='ltr'><strong>presentis,</strong></span> <span class='ocrx_word' id='word_1_202' title='bbox 1358 2977 1438 3041; x_wconf 85' lang='lat' dir='ltr'><strong>beati</strong></span> 
     </span>
     <span class='ocr_line' id='line_1_25' title="bbox 240 3084 1440 3170; baseline -0.004 -18"><span class='ocrx_word' id='word_1_203' title='bbox 240 3087 389 3152; x_wconf 80' lang='lat' dir='ltr'><strong>lobannis</strong></span> <span class='ocrx_word' id='word_1_204' title='bbox 405 3087 560 3169; x_wconf 82' lang='lat' dir='ltr'><strong>Baptista,</strong></span> <span class='ocrx_word' id='word_1_205' title='bbox 588 3092 660 3149; x_wconf 89' lang='lat' dir='ltr'><strong>tunc</strong></span> <span class='ocrx_word' id='word_1_206' title='bbox 677 3086 849 3149; x_wconf 89' lang='lat' dir='ltr'><strong>uenientem</strong></span> <span class='ocrx_word' id='word_1_207' title='bbox 866 3088 1053 3159; x_wconf 81' lang='lat' dir='ltr'><strong>citauissent,</strong></span> <span class='ocrx_word' id='word_1_208' title='bbox 1070 3088 1173 3170; x_wconf 81' lang='lat' dir='ltr'><strong>regius</strong></span> <span class='ocrx_word' id='word_1_209' title='bbox 1189 3092 1220 3149; x_wconf 90' lang='lat' dir='ltr'><strong>et</strong></span> <span class='ocrx_word' id='word_1_210' title='bbox 1235 3087 1330 3169; x_wconf 90' lang='lat' dir='ltr'><strong>ipsius</strong></span> <span class='ocrx_word' id='word_1_211' title='bbox 1348 3084 1440 3168; x_wconf 83' lang='lat' dir='ltr'><strong>Capi·</strong></span> 
     </span>
     <span class='ocr_line' id='line_1_26' title="bbox 241 3194 1441 3280; baseline -0.003 -20"><span class='ocrx_word' id='word_1_212' title='bbox 241 3194 296 3260; x_wconf 92' lang='lat' dir='ltr'><strong>tuli</strong></span> <span class='ocrx_word' id='word_1_213' title='bbox 311 3195 450 3258; x_wconf 87' lang='lat' dir='ltr'><strong>homines</strong></span> <span class='ocrx_word' id='word_1_214' title='bbox 464 3194 619 3266; x_wconf 84' lang='lat' dir='ltr'><strong>antedicti,</strong></span> <span class='ocrx_word' id='word_1_215' title='bbox 636 3214 761 3280; x_wconf 89' lang='lat' dir='ltr'><strong>quarum</strong></span> <span class='ocrx_word' id='word_1_216' title='bbox 773 3194 893 3280; x_wconf 85' lang='lat' dir='ltr'><strong>quidem</strong></span> <span class='ocrx_word' id='word_1_217' title='bbox 910 3195 1077 3259; x_wconf 88' lang='lat' dir='ltr'><strong>litterarum</strong></span> <span class='ocrx_word' id='word_1_218' title='bbox 1095 3195 1337 3259; x_wconf 81' lang='lat' dir='ltr'><strong>exhibicionibus</strong></span> <span class='ocrx_word' id='word_1_219' title='bbox 1350 3195 1441 3257; x_wconf 82' lang='lat' dir='ltr'><strong>factis</strong></span> 
     </span>
     <span class='ocr_line' id='line_1_27' title="bbox 241 3303 1441 3393; baseline -0.002 -26"><span class='ocrx_word' id='word_1_220' title='bbox 241 3303 397 3389; x_wconf 87' lang='lat' dir='ltr'><strong>predictus</strong></span> <span class='ocrx_word' id='word_1_221' title='bbox 417 3303 585 3373; x_wconf 78' lang='lat' dir='ltr'><strong>Nicotaus,</strong></span> <span class='ocrx_word' id='word_1_222' title='bbox 614 3309 791 3384; x_wconf 88' lang='lat' dir='ltr'><strong>procurator</strong></span> <span class='ocrx_word' id='word_1_223' title='bbox 819 3304 914 3386; x_wconf 90' lang='lat' dir='ltr'><strong>ipsius</strong></span> <span class='ocrx_word' id='word_1_224' title='bbox 944 3304 1093 3393; x_wconf 75' lang='lat' dir='ltr'><strong>Grcpcrii</strong></span> <span class='ocrx_word' id='word_1_225' title='bbox 1119 3304 1253 3375; x_wconf 89' lang='lat' dir='ltr'><strong>actoris,</strong></span> <span class='ocrx_word' id='word_1_226' title='bbox 1287 3306 1441 3366; x_wconf 85' lang='lat' dir='ltr'><strong>racionem</strong></span> 
     </span>
     <span class='ocr_line' id='line_1_28' title="bbox 240 3409 1443 3498; baseline 0 -22"><span class='ocrx_word' id='word_1_227' title='bbox 240 3413 391 3498; x_wconf 87' lang='lat' dir='ltr'><strong>premisse</strong></span> <span class='ocrx_word' id='word_1_228' title='bbox 407 3409 624 3495; x_wconf 86' lang='lat' dir='ltr'><strong>prohibicionis</strong></span> <span class='ocrx_word' id='word_1_229' title='bbox 647 3411 797 3493; x_wconf 82' lang='lat' dir='ltr'><strong>assignari</strong></span> <span class='ocrx_word' id='word_1_230' title='bbox 820 3412 983 3495; x_wconf 90' lang='lat' dir='ltr'><strong>postulauit</strong></span> <span class='ocrx_word' id='word_1_231' title='bbox 998 3433 1054 3495; x_wconf 90' lang='lat' dir='ltr'><strong>per</strong></span> <span class='ocrx_word' id='word_1_232' title='bbox 1069 3412 1206 3474; x_wconf 85' lang='lat' dir='ltr'><strong>Fratrem</strong></span> <span class='ocrx_word' id='word_1_233' title='bbox 1222 3413 1443 3476; x_wconf 69' lang='lat' dir='ltr'><strong>Hermotimum</strong></span> 
     </span>
     <span class='ocr_line' id='line_1_29' title="bbox 241 3517 1443 3603; baseline -0.001 -18"><span class='ocrx_word' id='word_1_234' title='bbox 241 3521 439 3596; x_wconf 89' lang='lat' dir='ltr'><strong>antedictum,</strong></span> <span class='ocrx_word' id='word_1_235' title='bbox 456 3517 565 3603; x_wconf 90' lang='lat' dir='ltr'><strong>quibus</strong></span> <span class='ocrx_word' id='word_1_236' title='bbox 582 3519 738 3601; x_wconf 86' lang='lat' dir='ltr'><strong>perceptis</strong></span> <span class='ocrx_word' id='word_1_237' title='bbox 755 3519 863 3583; x_wconf 83' lang='lat' dir='ltr'><strong>Frater</strong></span> <span class='ocrx_word' id='word_1_238' title='bbox 878 3520 1057 3591; x_wconf 82' lang='lat' dir='ltr'><strong>Jolrannes,</strong></span> <span class='ocrx_word' id='word_1_239' title='bbox 1085 3519 1247 3583; x_wconf 84' lang='lat' dir='ltr'><strong>monachus</strong></span> <span class='ocrx_word' id='word_1_240' title='bbox 1263 3518 1303 3581; x_wconf 90' lang='lat' dir='ltr'><strong>de</strong></span> <span class='ocrx_word' id='word_1_241' title='bbox 1318 3518 1443 3584; x_wconf 79' lang='lat' dir='ltr'><strong>Sancta</strong></span> 
     </span>
     <span class='ocr_line' id='line_1_30' title="bbox 243 3626 1443 3712; baseline -0.007 -15"><span class='ocrx_word' id='word_1_242' title='bbox 243 3633 408 3712; x_wconf 82' lang='lat' dir='ltr'><strong>Cracepra</strong></span> <span class='ocrx_word' id='word_1_243' title='bbox 416 3628 562 3709; x_wconf 83' lang='lat' dir='ltr'><strong>religioso</strong></span> <span class='ocrx_word' id='word_1_244' title='bbox 572 3627 775 3697; x_wconf 86' lang='lat' dir='ltr'><strong>riro,domino</strong></span> <span class='ocrx_word' id='word_1_245' title='bbox 783 3627 892 3691; x_wconf 88' lang='lat' dir='ltr'><strong>Frater</strong></span> <span class='ocrx_word' id='word_1_246' title='bbox 899 3626 1193 3701; x_wconf 78' lang='lat' dir='ltr'><strong>Calamonaabbate</strong></span> <span class='ocrx_word' id='word_1_247' title='bbox 1202 3629 1296 3710; x_wconf 87' lang='lat' dir='ltr'><strong>ipsius</strong></span> <span class='ocrx_word' id='word_1_248' title='bbox 1307 3627 1443 3691; x_wconf 89' lang='lat' dir='ltr'><strong>ecclesie</strong></span> 
     </span>
     <span class='ocr_line' id='line_1_31' title="bbox 243 3734 1443 3817; baseline -0.008 -12"><span class='ocrx_word' id='word_1_249' title='bbox 243 3738 361 3805; x_wconf 82' lang='lat' dir='ltr'><strong>Sancte</strong></span> <span class='ocrx_word' id='word_1_250' title='bbox 373 3739 495 3808; x_wconf 75' lang='lat' dir='ltr'><strong>Graccis,</strong></span> <span class='ocrx_word' id='word_1_251' title='bbox 507 3754 574 3800; x_wconf 91' lang='lat' dir='ltr'><strong>cum</strong></span> <span class='ocrx_word' id='word_1_252' title='bbox 588 3738 806 3817; x_wconf 89' lang='lat' dir='ltr'><strong>procuratoriis</strong></span> <span class='ocrx_word' id='word_1_253' title='bbox 819 3735 926 3799; x_wconf 87' lang='lat' dir='ltr'><strong>litteris</strong></span> <span class='ocrx_word' id='word_1_254' title='bbox 939 3736 1073 3800; x_wconf 90' lang='lat' dir='ltr'><strong>eiusdem</strong></span> <span class='ocrx_word' id='word_1_255' title='bbox 1087 3736 1198 3799; x_wconf 92' lang='lat' dir='ltr'><strong>domini</strong></span> <span class='ocrx_word' id='word_1_256' title='bbox 1214 3734 1333 3798; x_wconf 88' lang='lat' dir='ltr'><strong>abbatis</strong></span> <span class='ocrx_word' id='word_1_257' title='bbox 1350 3755 1443 3798; x_wconf 85' lang='lat' dir='ltr'><strong>exur-</strong></span> 
     </span>
     <span class='ocr_line' id='line_1_32' title="bbox 243 3843 1443 3930; baseline -0.003 -20"><span class='ocrx_word' id='word_1_258' title='bbox 243 3847 345 3930; x_wconf 79' lang='lat' dir='ltr'><strong>geodo</strong></span> <span class='ocrx_word' id='word_1_259' title='bbox 361 3845 507 3909; x_wconf 86' lang='lat' dir='ltr'><strong>retulerat</strong></span> <span class='ocrx_word' id='word_1_260' title='bbox 523 3864 559 3908; x_wconf 88' lang='lat' dir='ltr'><strong>ea</strong></span> <span class='ocrx_word' id='word_1_261' title='bbox 575 3843 683 3915; x_wconf 90' lang='lat' dir='ltr'><strong>modo,</strong></span> <span class='ocrx_word' id='word_1_262' title='bbox 713 3843 791 3928; x_wconf 87' lang='lat' dir='ltr'><strong>quod</strong></span> <span class='ocrx_word' id='word_1_263' title='bbox 810 3843 882 3908; x_wconf 88' lang='lat' dir='ltr'><strong>lieet</strong></span> <span class='ocrx_word' id='word_1_264' title='bbox 898 3852 1034 3929; x_wconf 89' lang='lat' dir='ltr'><strong>tempore</strong></span> <span class='ocrx_word' id='word_1_265' title='bbox 1049 3846 1198 3928; x_wconf 89' lang='lat' dir='ltr'><strong>premisse</strong></span> <span class='ocrx_word' id='word_1_266' title='bbox 1214 3845 1443 3928; x_wconf 87' lang='lat' dir='ltr'><strong>possessionum</strong></span> 
     </span>
     <span class='ocr_line' id='line_1_33' title="bbox 244 3952 1445 4036; baseline -0.002 -19"><span class='ocrx_word' id='word_1_267' title='bbox 244 3954 496 4019; x_wconf 89' lang='lat' dir='ltr'><strong>reambulacianis</strong></span> <span class='ocrx_word' id='word_1_268' title='bbox 511 3956 542 4016; x_wconf 94' lang='lat' dir='ltr'><strong>in</strong></span> <span class='ocrx_word' id='word_1_269' title='bbox 559 3972 687 4035; x_wconf 86' lang='lat' dir='ltr'><strong>persana</strong></span> <span class='ocrx_word' id='word_1_270' title='bbox 703 3952 835 4036; x_wconf 86' lang='lat' dir='ltr'><strong>predicti</strong></span> <span class='ocrx_word' id='word_1_271' title='bbox 851 3953 966 4017; x_wconf 88' lang='lat' dir='ltr'><strong>Fratris</strong></span> <span class='ocrx_word' id='word_1_272' title='bbox 983 3954 1161 4021; x_wconf 71' lang='lat' dir='ltr'><strong>Her-rmum</strong></span> <span class='ocrx_word' id='word_1_273' title='bbox 1176 3953 1346 4035; x_wconf 88' lang='lat' dir='ltr'><strong>prohibicio</strong></span> <span class='ocrx_word' id='word_1_274' title='bbox 1364 3952 1445 4017; x_wconf 83' lang='lat' dir='ltr'><strong>lacta</strong></span> 
     </span>
     <span class='ocr_line' id='line_1_34' title="bbox 244 4060 1443 4143; baseline -0.002 -18"><span class='ocrx_word' id='word_1_275' title='bbox 244 4064 353 4126; x_wconf 83' lang='lat' dir='ltr'><strong>luisset</strong></span> <span class='ocrx_word' id='word_1_276' title='bbox 369 4063 533 4133; x_wconf 90' lang='lat' dir='ltr'><strong>antedicta,</strong></span> <span class='ocrx_word' id='word_1_277' title='bbox 547 4071 644 4125; x_wconf 90' lang='lat' dir='ltr'><strong>tamen</strong></span> <span class='ocrx_word' id='word_1_278' title='bbox 662 4060 846 4124; x_wconf 76' lang='lat' dir='ltr'><strong>examinacio</strong></span> <span class='ocrx_word' id='word_1_279' title='bbox 862 4063 1016 4143; x_wconf 88' lang='lat' dir='ltr'><strong>presentis</strong></span> <span class='ocrx_word' id='word_1_280' title='bbox 1033 4080 1126 4123; x_wconf 86' lang='lat' dir='ltr'><strong>cause</strong></span> <span class='ocrx_word' id='word_1_281' title='bbox 1139 4062 1366 4143; x_wconf 87' lang='lat' dir='ltr'><strong>possessionum</strong></span> <span class='ocrx_word' id='word_1_282' title='bbox 1383 4081 1443 4124; x_wconf 89' lang='lat' dir='ltr'><strong>uon</strong></span> 
     </span>
     <span class='ocr_line' id='line_1_35' title="bbox 243 4167 1443 4256; baseline -0.002 -22"><span class='ocrx_word' id='word_1_283' title='bbox 243 4173 302 4256; x_wconf 92' lang='lat' dir='ltr'><strong>ipsi</strong></span> <span class='ocrx_word' id='word_1_284' title='bbox 318 4170 417 4234; x_wconf 88' lang='lat' dir='ltr'><strong>Fratri</strong></span> <span class='ocrx_word' id='word_1_285' title='bbox 434 4172 635 4243; x_wconf 84' lang='lat' dir='ltr'><strong>Hermanno,</strong></span> <span class='ocrx_word' id='word_1_286' title='bbox 657 4191 694 4234; x_wconf 88' lang='lat' dir='ltr'><strong>eo</strong></span> <span class='ocrx_word' id='word_1_287' title='bbox 719 4168 799 4254; x_wconf 90' lang='lat' dir='ltr'><strong>quod</strong></span> <span class='ocrx_word' id='word_1_288' title='bbox 816 4167 896 4232; x_wconf 88' lang='lat' dir='ltr'><strong>idem</strong></span> <span class='ocrx_word' id='word_1_289' title='bbox 912 4169 1018 4232; x_wconf 76' lang='lat' dir='ltr'><strong>Frater</strong></span> <span class='ocrx_word' id='word_1_290' title='bbox 1033 4170 1214 4235; x_wconf 73' lang='lat' dir='ltr'><strong>Hennaeas</strong></span> <span class='ocrx_word' id='word_1_291' title='bbox 1231 4172 1352 4233; x_wconf 88' lang='lat' dir='ltr'><strong>nomine</strong></span> <span class='ocrx_word' id='word_1_292' title='bbox 1369 4190 1443 4251; x_wconf 88' lang='lat' dir='ltr'><strong>pro-</strong></span> 
     </span>
     <span class='ocr_line' id='line_1_36' title="bbox 244 4274 1443 4361; baseline -0.006 -17"><span class='ocrx_word' id='word_1_293' title='bbox 244 4285 376 4351; x_wconf 89' lang='lat' dir='ltr'><strong>curator,</strong></span> <span class='ocrx_word' id='word_1_294' title='bbox 394 4278 586 4343; x_wconf 89' lang='lat' dir='ltr'><strong>solummodo</strong></span> <span class='ocrx_word' id='word_1_295' title='bbox 600 4298 656 4361; x_wconf 92' lang='lat' dir='ltr'><strong>per</strong></span> <span class='ocrx_word' id='word_1_296' title='bbox 671 4279 769 4361; x_wconf 92' lang='lat' dir='ltr'><strong>ipsum</strong></span> <span class='ocrx_word' id='word_1_297' title='bbox 785 4277 935 4342; x_wconf 88' lang='lat' dir='ltr'><strong>dominum</strong></span> <span class='ocrx_word' id='word_1_298' title='bbox 954 4278 1155 4342; x_wconf 80' lang='lat' dir='ltr'><strong>Coloraaaam</strong></span> <span class='ocrx_word' id='word_1_299' title='bbox 1171 4274 1311 4338; x_wconf 87' lang='lat' dir='ltr'><strong>abbatem</strong></span> <span class='ocrx_word' id='word_1_300' title='bbox 1328 4277 1356 4338; x_wconf 90' lang='lat' dir='ltr'><strong>in</strong></span> <span class='ocrx_word' id='word_1_301' title='bbox 1373 4276 1443 4358; x_wconf 89' lang='lat' dir='ltr'><strong>ipso</strong></span> 
     </span>
     <span class='ocr_line' id='line_1_37' title="bbox 245 4382 1445 4470; baseline -0.003 -21"><span class='ocrx_word' id='word_1_302' title='bbox 245 4387 350 4470; x_wconf 90' lang='lat' dir='ltr'><strong>predio</strong></span> <span class='ocrx_word' id='word_1_303' title='bbox 379 4388 528 4451; x_wconf 85' lang='lat' dir='ltr'><strong>extitisset</strong></span> <span class='ocrx_word' id='word_1_304' title='bbox 557 4389 759 4459; x_wconf 88' lang='lat' dir='ltr'><strong>constitutus,</strong></span> <span class='ocrx_word' id='word_1_305' title='bbox 794 4385 849 4450; x_wconf 91' lang='lat' dir='ltr'><strong>sed</strong></span> <span class='ocrx_word' id='word_1_306' title='bbox 876 4386 936 4467; x_wconf 90' lang='lat' dir='ltr'><strong>ipsi</strong></span> <span class='ocrx_word' id='word_1_307' title='bbox 957 4386 1077 4449; x_wconf 90' lang='lat' dir='ltr'><strong>domino</strong></span> <span class='ocrx_word' id='word_1_308' title='bbox 1095 4386 1263 4451; x_wconf 82' lang='lat' dir='ltr'><strong>Calaminae</strong></span> <span class='ocrx_word' id='word_1_309' title='bbox 1281 4382 1388 4449; x_wconf 78' lang='lat' dir='ltr'><strong>abbari</strong></span> <span class='ocrx_word' id='word_1_310' title='bbox 1406 4382 1445 4446; x_wconf 89' lang='lat' dir='ltr'><strong>de</strong></span> 
     </span>
     <span class='ocr_line' id='line_1_38' title="bbox 244 4490 1445 4578; baseline -0.006 -19"><span class='ocrx_word' id='word_1_311' title='bbox 244 4499 311 4559; x_wconf 90' lang='lat' dir='ltr'><strong>iure</strong></span> <span class='ocrx_word' id='word_1_312' title='bbox 327 4495 438 4559; x_wconf 89' lang='lat' dir='ltr'><strong>debeat</strong></span> <span class='ocrx_word' id='word_1_313' title='bbox 454 4498 609 4578; x_wconf 90' lang='lat' dir='ltr'><strong>pertinere</strong></span> <span class='ocrx_word' id='word_1_314' title='bbox 630 4501 662 4558; x_wconf 88' lang='lat' dir='ltr'><strong>et</strong></span> <span class='ocrx_word' id='word_1_315' title='bbox 678 4494 725 4558; x_wconf 81' lang='lat' dir='ltr'><strong>liis</strong></span> <span class='ocrx_word' id='word_1_316' title='bbox 742 4494 832 4558; x_wconf 89' lang='lat' dir='ltr'><strong>dictis</strong></span> <span class='ocrx_word' id='word_1_317' title='bbox 848 4495 878 4557; x_wconf 94' lang='lat' dir='ltr'><strong>in</strong></span> <span class='ocrx_word' id='word_1_318' title='bbox 895 4513 1026 4576; x_wconf 88' lang='lat' dir='ltr'><strong>persona</strong></span> <span class='ocrx_word' id='word_1_319' title='bbox 1042 4493 1172 4576; x_wconf 87' lang='lat' dir='ltr'><strong>predicti</strong></span> <span class='ocrx_word' id='word_1_320' title='bbox 1189 4491 1300 4556; x_wconf 80' lang='lat' dir='ltr'><strong>danaim</strong></span> <span class='ocrx_word' id='word_1_321' title='bbox 1318 4490 1445 4553; x_wconf 79' lang='lat' dir='ltr'><strong>Abbalis</strong></span> 
     </span>
     <span class='ocr_line' id='line_1_39' title="bbox 245 4600 1445 4688; baseline -0.004 -21"><span class='ocrx_word' id='word_1_322' title='bbox 245 4606 313 4688; x_wconf 88' lang='lat' dir='ltr'><strong>ipse</strong></span> <span class='ocrx_word' id='word_1_323' title='bbox 336 4603 443 4668; x_wconf 88' lang='lat' dir='ltr'><strong>Frater</strong></span> <span class='ocrx_word' id='word_1_324' title='bbox 463 4604 628 4671; x_wconf 77' lang='lat' dir='ltr'><strong>‚lebannes</strong></span> <span class='ocrx_word' id='word_1_325' title='bbox 649 4604 852 4686; x_wconf 89' lang='lat' dir='ltr'><strong>responderat</strong></span> <span class='ocrx_word' id='word_1_326' title='bbox 874 4604 903 4665; x_wconf 91' lang='lat' dir='ltr'><strong>in</strong></span> <span class='ocrx_word' id='word_1_327' title='bbox 926 4603 1004 4665; x_wconf 89' lang='lat' dir='ltr'><strong>bunc</strong></span> <span class='ocrx_word' id='word_1_328' title='bbox 1029 4600 1168 4677; x_wconf 90' lang='lat' dir='ltr'><strong>modum,</strong></span> <span class='ocrx_word' id='word_1_329' title='bbox 1192 4601 1272 4686; x_wconf 88' lang='lat' dir='ltr'><strong>quod</strong></span> <span class='ocrx_word' id='word_1_330' title='bbox 1295 4601 1445 4683; x_wconf 89' lang='lat' dir='ltr'><strong>premissa</strong></span> 
     </span>
    </p>
   </div>
   <div class='ocr_carea' id='block_1_4' title="bbox 0 0 1615 5342">
    <p class='ocr_par' dir='ltr' id='par_1_4' title="bbox 0 0 1615 5342">
     <span class='ocr_line' id='line_1_40' title="bbox 0 0 1615 5342; baseline 0 0"><span class='ocrx_word' id='word_1_331' title='bbox 0 0 1615 5342; x_wconf 95' lang='lat' dir='ltr'><strong> </strong></span> 
     </span>
    </p>
   </div>
  </div>
 </body>
</html>
