3192 5342
276 456 355 530 246

274 652 377 696 eurum
393 633 423 695 in
441 630 703 715 possessionibus,
725 629 870 693 videlicet
886 628 1064 713 Μανικὰ,
1081 621 1308 710 Hegpcsbohrs,
1326 621 1464 696 Kaous,

276 741 388 826 Wyllie
415 745 446 804 et
470 739 643 804 Tordcmcz
666 739 802 809 uocatis,
832 738 861 800 in
887 737 1029 800 comitatu
1045 732 1238 798 Mooonicnsi
1260 728 1463 804 existentibus,

273 847 462 918 habitarum,
493 867 573 911 nuno
595 867 651 932 per
674 866 779 911 manus
802 846 917 911 alienas
933 845 1113 926 occupatiue
1129 841 1344 911 existenciunn,
1372 838 1465 903 taliter
1573 823 1574 906 l

274 956 511 1020 concordassent
521 962 553 1018 et
562 953 783 1020 concordarunt
794 974 896 1018 coram
909 951 1008 1025 nubis,
1026 955 1065 1023 rt,
1082 948 1315 1035 quiapredietus
1326 947 1466 1028 magister

272 1063 436 1129 Johcrrrres
458 1064 580 1128 easdem
603 1063 862 1147 possessicnarias
884 1063 1044 1145 porciones
1062 1059 1099 1123 ab
1115 1059 1192 1143 ipsis
1211 1055 1345 1120 manibus
1362 1054 1465 1118 alienis
1574 1083 1575 1150 l

275 1172 406 1257 propriis
422 1171 577 1235 laboribus
593 1177 624 1234 et
641 1172 782 1253 expensis
799 1172 975 1256 requirere,
1004 1175 1035 1233 et
1051 1169 1225 1252 reoptinere
1240 1183 1278 1228 ac
1294 1165 1382 1228 etiam
1399 1181 1467 1246 prc-
1574 1223 1575 1226 ,

274 1280 372 1343 dictus
388 1280 557 1344 Nicolaum
579 1286 611 1343 et
626 1279 829 1344 Dominicom
845 1299 935 1361 super
952 1276 1090 1341 omnibus
1107 1273 1226 1339 iudiciis
1244 1277 1275 1338 et
1291 1272 1466 1336 indiciorum
1575 1347 1576 1352 ἵ

274 1387 508 1470 grauaminibus,
526 1390 553 1450 si
569 1387 598 1451 in
616 1386 782 1471 aliquibus,
801 1387 830 1449 in
847 1387 1031 1450 execucicne
1048 1402 1149 1448 earnm
1166 1382 1380 1468 premissorum
1397 1398 1467 1462 per-

275 1495 411 1567 ciacum,
434 1494 514 1579 quod
531 1494 624 1571 absit,
641 1501 860 1576 agrauerentur
878 1501 907 1557 et
925 1495 1177 1558 convincerentur
1193 1489 1279 1554 modo
1296 1486 1387 1551 simili
1404 1507 1467 1550 cum

274 1603 338 1666 suis
363 1602 454 1667 rebus
477 1607 508 1667 et
531 1601 687 1667 luboribus
709 1602 852 1686 expedire
875 1603 1052 1686 assumpsit,
1077 1598 1147 1664 ideo
1172 1600 1198 1662 si
1220 1598 1297 1663 idem
1325 1596 1468 1679 magister

273 1711 438 1776 lohannes
449 1711 532 1793 ipsas
546 1711 806 1794 possessicnarias
823 1714 983 1792 porciones
997 1710 1028 1773 iu
1045 1717 1118 1784 toto,
1135 1707 1184 1772 uel
1201 1706 1329 1791 aliquam
1342 1708 1467 1787 partem,

273 1837 328 1880 seu
360 1819 535 1900 particulam
569 1818 731 1883 earundem
765 1817 875 1903 quouis
904 1817 1009 1891 modo,
1044 1819 1111 1881 siue
1139 1837 1193 1900 per
1220 1814 1340 1878 modom
1374 1811 1468 1896 pacis,

276 1926 342 1989 siue
380 1946 435 2008 per
464 1926 590 2000 formum
629 1919 691 1990 litis
728 1926 854 1990 muteris
891 1927 1063 1989 reinvenire
1105 1929 1136 1987 et
1178 1923 1315 2007 optinere
1352 1920 1470 2004 poterit,

274 2037 384 2096 extunc
414 2033 536 2097 easdem
565 2034 640 2099 dicti
671 2033 817 2116 magister
848 2034 1013 2100 Johcnnes
1043 2054 1060 2096 a
1092 2035 1170 2096 festo
1202 2030 1282 2094 beati
1314 2026 1470 2092 Michaelis

275 2140 451 2221 archangeli
467 2142 601 2225 proximo
625 2149 767 2214 venturo,
795 2161 889 2227 usque
916 2142 952 2207 ad
981 2143 1115 2226 quintam
1143 2141 1277 2204 eiusdem
1294 2137 1364 2201 testi
1384 2155 1470 2198 reuo-

274 2249 438 2321 luciunero,
466 2250 586 2315 seilicet
611 2251 648 2314 ad
673 2251 808 2334 spacium
839 2255 968 2335 quatuor
991 2269 1134 2314 annorum
1166 2251 1352 2329 integrorum
1370 2242 1471 2325 possi·

276 2355 382 2427 dendi,
423 2358 546 2422 tenendi
577 2365 609 2423 et
640 2358 856 2431 conseruandi,
894 2359 1098 2443 utilitatesque
1129 2356 1290 2421 earundem
1322 2349 1473 2437 quaslibet

273 2484 329 2545 pro
345 2483 380 2527 se
404 2464 610 2549 percipiendi,
635 2467 682 2531 uel
701 2467 789 2531 etiam
807 2465 1048 2551 quibuscumque
1071 2466 1199 2529 vuluerit
1223 2484 1319 2548 usque
1335 2458 1473 2544 comple·

276 2571 392 2634 cionem
409 2571 614 2654 predictorum
635 2580 764 2660 quatuor
789 2595 932 2640 annorum
956 2577 1142 2660 integrorum
1167 2572 1288 2658 pignori
1306 2567 1471 2652 obligandi.

278 2679 394 2763 plenam
411 2679 536 2744 habebit
552 2681 741 2757 facultatem,
757 2683 814 2747 sed
831 2684 988 2767 completis
1007 2685 1082 2769 ipsis
1098 2688 1226 2768 quotuor
1242 2681 1326 2743 annis
1344 2677 1472 2759 integris

276 2789 306 2850 in
324 2787 459 2872 predicta
484 2789 680 2854 reuolueionc
707 2792 825 2855 annuali
849 2793 917 2855 testi
943 2795 1092 2876 prenotati
1118 2790 1240 2855 easdem
1269 2789 1307 2851 ab
1333 2783 1472 2850 omnibus

275 2895 511 2977 grauaminibus,
529 2901 558 2961 iu
575 2899 684 2982 quibus
700 2919 755 2982 per
771 2899 899 2964 eundern
916 2900 1091 2982 magistrum
1103 2899 1282 2966 lonensem
1299 2915 1396 2980 usque
1412 2899 1474 2956 ter-

276 3004 386 3067 minum
403 3003 545 3087 prefixum
563 3008 669 3070 eedem
681 3007 921 3091 possessicnarie
937 3009 1099 3092 porciones
1116 3010 1256 3087 agrauari
1270 3006 1472 3069 dinosceren-

275 3118 334 3184 tur,
350 3112 493 3195 expedire
510 3119 540 3177 et
557 3114 744 3192 deliberare,
762 3138 797 3181 ac
814 3118 896 3201 ipsas
914 3137 1014 3180 coram
1032 3120 1134 3179 nostro
1151 3115 1323 3178 testimonio
1340 3133 1399 3196 per
1418 3129 1471 3173 nos

274 3218 311 3283 ad
328 3219 358 3282 id
376 3221 628 3305 deputando'cuon
647 3224 826 3307 prescriptis
843 3225 977 3292 bosono
994 3229 1025 3288 et
1039 3224 1222 3294 Dominico,
1249 3220 1395 3286 tratribus
1411 3218 1473 3283 suis

275 3328 454 3402 diuidendo,
472 3330 633 3412 porciones
650 3331 782 3414 ipsorum
799 3334 914 3397 eisdem
932 3334 1061 3417 deipsis
1079 3331 1329 3417 possessicnariis
1347 3328 1473 3412 porcio·

275 3436 539 3501 nibus-extradere
554 3438 716 3503 tenebitur.
740 3440 775 3505 Si
799 3459 871 3504 rero
894 3442 924 3506 id
941 3441 1044 3506 lacere
1068 3441 1212 3514 noluerit,
1241 3438 1289 3503 rel
1307 3459 1364 3503 nou
1384 3444 1473 3522 potu-

274 3546 348 3616 erit,
377 3551 506 3609 extunc
530 3567 626 3631 usque
647 3547 716 3610 dum
739 3552 898 3634 porciones
921 3548 1083 3615 eorundem
1100 3551 1230 3616 Nicohsi
1251 3555 1282 3612 et
1309 3544 1475 3612 Donduici

275 3652 391 3716 eisdem
408 3652 505 3718 libere
521 3656 676 3719 remiserit
692 3663 723 3720 et
737 3659 957 3740 resignauerit,
975 3661 1041 3743 ipse
1057 3660 1203 3742 magister
1219 3657 1385 3724 Jobooaes
1401 3676 1474 3719 eos-

274 3761 342 3824 dem
359 3761 472 3825 eitandi
489 3783 548 3827 non
564 3762 688 3828 habebit
711 3764 892 3829 facultatem.
925 3765 1068 3830 Preterea
1094 3766 1211 3830 litteras
1228 3767 1362 3850 ipsorum
1378 3784 1476 3847 super

274 3870 349 3953 ipsis
366 3871 560 3953 porcionibus
577 3873 830 3955 possessicnariis
855 3874 1011 3938 conlectae
1029 3881 1059 3937 et
1076 3881 1242 3948 emanatas,
1267 3875 1315 3939 uel
1339 3873 1474 3936 emanari

274 3975 430 4041 debendus
452 3979 481 4041 in
505 3981 654 4044 communi
682 3982 749 4045 loco
778 3988 810 4044 et
837 3985 1063 4047 conseruatorio
1092 3989 1199 4047 tenere
1227 3989 1258 4048 et
1285 4002 1475 4049 conseruare

274 4084 437 4150 debebunt.
477 4086 562 4152 Sicut
593 4091 690 4152 omnia
722 4092 754 4152 et
784 4090 903 4171 singula
937 4093 1153 4174 premissorum
1180 4113 1237 4177 per
1266 4100 1370 4177 partes
1400 4111 1474 4175 pre-

275 4196 404 4278 scriptae
438 4194 535 4259 extitit
566 4191 734 4261 ordinatum
767 4206 799 4261 et
828 4200 994 4263 voluntarie
1027 4205 1211 4283 assumptum
1242 4221 1342 4265 coram
1372 4200 1473 4264 nobis.

274 4302 380 4367 Datum
405 4304 480 4367 teris
504 4306 637 4370 secunda
656 4308 787 4388 proxima
807 4313 877 4371 ante
896 4309 1005 4373 testum
1024 4308 1103 4373 beati
1122 4308 1278 4374 blicbaelis
1294 4308 1474 4392 archangeli

273 4411 476 4495 prescriptum
493 4433 571 4477 anno
588 4411 699 4477 domini
717 4416 770 4480 nir.
787 4414 878 4480 CCC⁰
894 4418 952 4480 12⁰⁰
968 4422 1086 4481 octauo.

364 4518 427 4582 Nos
454 4521 545 4602 igitur
572 4521 709 4586 eiusdem
731 4523 892 4590 Jobcnnis
916 4525 1098 4607 peticionem
1126 4526 1374 4599 considerantes,
1405 4528 1474 4590 iore

273 4627 381 4689 iustam
403 4630 525 4693 easdem
543 4630 659 4694 litteras
676 4632 799 4717 capituli
817 4636 965 4707 annotati,
982 4636 1038 4699 sub
1056 4639 1157 4699 nostro
1174 4635 1274 4718 sigillo
1290 4636 1473 4701 transscribi
