3192 5342
1239 441 1317 513 357

128 609 302 690 lnsigelvnd
317 610 373 673 den
388 628 508 692 gezeug
523 608 591 673 sind
608 610 664 673 der
680 616 747 675 rest
761 612 858 677 liitter
873 611 929 675 ber
944 612 1089 678 drimano
1104 611 1161 678 der
1180 616 1321 681 Tecben·

127 718 248 782 etnim
262 718 321 780 rnd
338 718 499 784 Ederbort
514 738 570 782 oon
586 718 704 784 Wildelr
720 717 775 783 der
792 718 873 783 Sncb
891 720 920 782 in
936 741 973 782 nn
990 721 1136 785 ncbnden.
1160 722 1224 788 Der
1241 723 1326 790 briei

127 825 164 886 ist
177 823 324 906 Gegeben
341 825 419 887 nach
436 826 541 888 christi
557 827 676 909 gepurd
687 828 887 892 Drewlneben
904 828 1035 893 bundeni
1052 829 1114 903 lar,
1132 829 1272 897 Darnncb
1289 835 1321 897 in

127 932 191 995 dem
207 933 274 996 rien
293 933 351 997 ond
368 933 563 999 ncbcnkisten
585 936 649 1007 ier,
671 937 715 1000 An
739 936 820 1001 Snnd
844 936 933 1001 Pnuls
955 938 1040 1020 Tap,
1062 937 1108 1002 ols
1132 960 1167 1003 er
1190 940 1321 1007 becbert

12 1084 13 1115 p
127 1040 217 1104 nard.

193 1163 313 1236 original
326 1167 373 1220 aui
382 1167 541 1238 Pergameni
554 1167 601 1222 mit
613 1168 677 1222 snei
692 1167 817 1237 Siegeln3
830 1167 872 1222 ein
882 1168 980 1225 dritten
993 1169 1069 1224 ieblt.

630 1355 813 1437 tecvm.

12 1440 13 1525 l
122 1500 200 1571 nu,
222 1500 262 1559 n.
280 1500 370 1573 nnn,
391 1500 530 1560 neuun
549 1503 580 1572 (r
592 1500 743 1573 respons).
763 1532 799 1542 -
818 1501 943 1557 rinnau
964 1501 1017 1557 sn
1032 1519 1088 1557 sos
1105 1502 1240 1559 muoso
1261 1503 1322 1559 nso

12 1620 13 1659 3
125 1590 249 1645 denerat
257 1592 363 1646 ·Vicar
378 1592 427 1648 der
446 1591 772 1648 cisterciences-Ordesos
791 1591 975 1647 immuniti
991 1592 1051 1666 ores
1063 1593 1162 1649 ntum
1176 1592 1229 1648 der
1239 1594 1322 1651 Abtei

12 1690 13 1769 J
121 1681 340 1752 licilioenkrcez
356 1682 402 1737 dic
416 1683 500 1738 Rullo
511 1684 600 1755 Popst
617 1682 737 1738 Urban'o
755 1681 893 1744 V1.,ddo.
910 1681 999 1737 liber
1017 1682 1250 1740 25.er1283
1266 1686 1321 1760 [etr
1339 1766 1342 1772 Ι

12 1772 13 1789 ’
518 1772 573 1827 den
587 1771 913 1828 cisterciemcr-Orden.

210 1900 277 1964 Nos
285 1902 380 1965 irater
390 1901 532 1966 Micbocl
542 1898 641 1965 Abbas
655 1899 834 1965 lilonesterii
846 1899 1189 1967 demessuerunt
1203 1901 1320 1967 Cister-

120 2008 235 2073 oicnsis
245 2009 422 2075 lbeotinoe
438 2008 582 2085 diocesis,
600 2008 734 2090 ejusdem
748 2006 865 2073 ordinis
878 2009 1016 2074 Vicerius
1033 2010 1195 2093 generaris,
1209 2013 1319 2078 autho·

120 2118 208 2181 ritate
226 2117 395 2202 apostoliea
411 2116 571 2201 deputatus
588 2114 755 2181 venerabili
771 2117 802 2180 in
819 2114 939 2180 Christo
955 2118 1051 2200 petri,
1081 2118 1198 2183 domino
1226 2121 1316 2185 Colo-

119 2248 254 2299 menno,
280 2224 423 2290 Conbbeti
446 2231 478 2289 et
494 2226 646 2291 monachis
663 2226 837 2310 ceterisque
852 2226 992 2308 personis
1010 2226 1188 2291 llonnsterii
1209 2235 1321 2294 sancte

121 2336 233 2401 omme
248 2337 279 2398 in
292 2335 423 2400 duobis
436 2335 509 2399 dicti
522 2334 647 2406 ordinis,
660 2334 846 2398 Peteuiensis
859 2335 992 2399 diocesis
1010 2333 1136 2397 salutem
1153 2335 1183 2396 in
1200 2334 1320 2400 domino

119 2447 345 2529 sempiternam.
369 2444 478 2508 Noturn
501 2444 628 2507 lecimus
647 2463 702 2526 per
726 2448 904 2526 presentes,
926 2464 981 2508 nos
1004 2443 1120 2508 litteras
1136 2444 1202 2507 siue
1219 2442 1318 2508 bullas

122 2572 175 2633 pro
192 2553 338 2636 personis
353 2552 448 2634 ipsius
465 2550 581 2614 ordinis
597 2572 613 2613 a
631 2551 828 2615 Sanctissimo
852 2551 882 2614 in
905 2551 1020 2615 cbristo
1044 2557 1130 2634 patre
1150 2562 1181 2615 et
1197 2551 1317 2616 domino

121 2666 224 2722 nostro
243 2658 364 2722 domino
384 2659 502 2724 Wdono
519 2658 621 2722 diuina
638 2659 828 2742 prouidentia
852 2679 928 2743 popa
945 2659 1041 2723 Sexto
1064 2660 1131 2723 eius
1147 2679 1218 2723 rere
1235 2659 1317 2724 bulla

118 2768 258 2851 plumbea
290 2767 320 2830 in
345 2767 404 2831 litis
428 2767 536 2831 sericis
561 2760 663 2830 crocei
693 2775 724 2831 et
745 2766 834 2832 rubei
855 2767 967 2831 coloris
991 2765 1158 2850 inpendens
1178 2765 1318 2841 bullatos,

119 2877 328 2949 sussiciens,
345 2896 405 2940 non
422 2875 621 2951 cancellatos,
638 2895 696 2939 nec
713 2875 744 2938 in
759 2875 859 2959 aliqua
882 2875 929 2939 sui
952 2880 1039 2958 perte
1061 2882 1237 2959 suspectos.
1262 2873 1317 2939 sed

120 3005 246 3068 prorsus
265 2985 343 3048 omni
371 2985 449 3049 vicio
478 2988 510 3047 el
524 2986 699 3068 suspicione
715 2989 869 3055 carentes,
897 2982 1065 3047 obtinuisse
1093 2988 1125 3046 et
1150 2984 1318 3066 recepisse,

118 3113 242 3177 quarum
265 3097 351 3157 teum
378 3093 415 3156 de
444 3092 537 3156 uerbo
565 3093 602 3156 nd
624 3090 750 3156 uerbum
773 3095 910 3177 sequitur
933 3098 964 3156 et
988 3096 1037 3156 cst
1058 3091 1144 3155 talis:
1171 3092 1315 3157 Urbanus

119 3203 284 3285 episcopus
317 3221 424 3265 seruus
452 3221 607 3266 seruorum
639 3201 688 3265 dei
712 3199 841 3265 Dilectis
865 3199 934 3264 liliis
963 3201 1113 3264 uniuersis
1142 3199 1313 3273 abbatibus,

120 3310 272 3392 prioribus
288 3316 320 3373 et
335 3310 500 3383 monachis,
514 3311 687 3394 ceterisque
703 3310 843 3393 personis
859 3310 1016 3393 utriusque
1028 3328 1117 3373 sexus
1129 3305 1316 3372 Cistercien-

118 3420 159 3482 sis
176 3419 293 3483 ordinis
310 3417 445 3482 Salutem
462 3423 493 3481 et
509 3416 704 3501 apostolicum
722 3417 974 3483 benedictionem.
1000 3416 1145 3479 Prouenit
1160 3436 1196 3480 ex
1211 3421 1314 3481 restro

118 3528 290 3591 deuotionis
306 3526 426 3598 adedo,
442 3545 500 3609 quo
517 3545 573 3590 nos
589 3532 621 3589 et
636 3526 796 3591 Romanam
813 3524 973 3591 ecelesiam
987 3543 1173 3598 reueremur,
1191 3529 1223 3588 ut
1233 3525 1314 3607 peti-

119 3635 222 3700 ciones
250 3641 383 3707 vestras,
408 3632 476 3698 illas
504 3637 684 3718 presertim,
712 3655 772 3720 que
799 3636 962 3698 animarum
991 3639 1161 3697 nestrorum
1188 3631 1315 3695 salutem

118 3744 303 3827 respiciunt,
326 3743 364 3807 ad
386 3742 583 3808 exauditionis
599 3743 732 3825 greciam
748 3742 949 3807 admittemus.
975 3740 1051 3805 llinc
1067 3745 1132 3811 est,
1157 3740 1236 3823 quod
1260 3758 1315 3803 nos

12 3928 13 3941 χ
119 3852 229 3915 uestris
246 3850 523 3935 supplicationibus
539 3850 685 3922 inclinati,
702 3857 735 3915 ut
748 3849 924 3926 consessor,
937 3869 1026 3934 qoem
1039 3847 1166 3933 quilibet
1180 3851 1314 3912 nestrum

120 3961 236 4025 duxerit
253 3960 442 4042 eligendum,
459 3962 588 4024 omniurn
612 3965 806 4043 peccatorum
822 3962 1014 4029 nestrorum,
1040 3956 1203 4042 dequibus
1221 3954 1314 4021 corde

12 4084 13 4115 n
121 4068 241 4132 contriti
257 4075 288 4131 el
304 4088 358 4132 ore
374 4069 508 4132 confessi
524 4068 646 4140 luerint,
664 4069 758 4133 semel
774 4071 889 4131 tentum
912 4067 942 4128 in
964 4065 1070 4130 mortis
1095 4063 1222 4129 nrticulo
1245 4061 1312 4149 ple·

123 4197 187 4240 nnm
203 4177 416 4242 remissionem
437 4175 524 4241 robis
549 4179 579 4240 in
600 4176 777 4243 sinceritate
793 4175 865 4240 fidei
882 4179 915 4238 et
930 4174 1043 4239 unitate
1060 4177 1167 4236 sancte
1182 4172 1315 4237 Romane

12 4306 13 4311 ¹
121 4285 253 4350 ecclesie
269 4305 306 4350 ec
321 4283 500 4349 obediencie
518 4290 550 4348 et
566 4284 735 4348 dcuoeione
757 4289 860 4348 nostro
885 4284 934 4347 uel
956 4299 1170 4347 successorum
1192 4286 1313 4345 nostro-

120 4413 182 4457 rum
196 4395 397 4458 Romanorum
413 4392 588 4476 pontificum
604 4393 749 4456 cononice
765 4393 939 4457 intrantium
954 4390 1189 4474 persistentibus
1207 4393 1313 4453 sucto-

12 4496 13 4549 ἒ
120 4500 204 4565 ritate
220 4500 389 4585 apostolice
406 4500 577 4565 concedere
593 4501 701 4571 ualent.
719 4498 874 4565 deuotioni
890 4505 990 4563 vestre
1002 4504 1109 4562 tenore
1124 4497 1312 4561 Prosentium

12 4620 13 4705 j
120 4609 318 4693 indulgentium
346 4611 392 4677 sio
419 4616 537 4688 temen,
569 4608 648 4697 quod
676 4609 756 4673 idem
784 4610 944 4675 confessor
971 4606 1010 4671 de
1036 4607 1110 4680 biis,
1139 4605 1310 4690 dequibus
