3192 5342
276 505 353 577 too

273 680 411 745 Cbrisies
427 689 537 765 gepnrt
557 679 750 747 Drenizeiren
767 683 899 749 iivndert
926 687 986 763 iar,
1015 687 1145 751 darnacb
1170 689 1200 752 in
1226 687 1293 753 dem
1316 689 1387 752 acbt
1411 689 1468 752 vnd

273 793 468 872 viertagisten
485 792 530 855 iar
546 814 582 855 an
598 800 666 855 sant
683 792 797 877 Phiiips
815 794 872 857 vnd
889 799 957 859 sant
972 794 1085 862 Jacobs
1103 797 1203 861 abent.

346 934 463 1003 Originai
476 935 524 990 ani
533 934 690 1008 Pergameni
703 937 750 992 mit
763 939 962 1010 beschtdigtem
976 940 1077 1010 Siegei,
1090 940 1133 995 ein
1145 940 1253 997 arraitea
1266 943 1342 997 tebit.

829 1185 918 1267 cci.

273 1327 353 1399 lala,
370 1327 455 1389 Vico.
473 1363 501 1370 —
517 1330 632 1401 Herzog
649 1329 781 1387 Alireclet
799 1329 837 1387 11.
861 1330 992 1402 lceidlipt
1013 1323 1066 1388 der
1082 1329 1164 1388 Antei
1183 1333 1404 1404 Heliipcnlrrcas
1422 1333 1471 1389 dic

271 1417 369 1475 beiden
381 1420 551 1491 oollotdndiy
572 1423 728 1478 tmrirten
745 1422 899 1478 Urlranden
911 1423 1006 1492 Kenio
1017 1423 1150 1496 liudolfo
1169 1424 1192 1477 l.
1209 1424 1275 1479 eido.
1290 1423 1346 1480 24.
1357 1427 1471 1480 Jeme

419 1512 508 1568 1286.
518 1511 578 1567 rand
589 1514 701 1584 Hmop
713 1513 868 1570 Aidrccirl'a
880 1516 901 1569 1.
915 1514 980 1570 ddo.
995 1512 1048 1569 24.
1060 1515 1212 1570 December
1229 1515 1323 1571 1286.

363 1664 425 1727 Nos
441 1665 588 1730 libertos
603 1663 652 1729 dci
669 1666 775 1744 gracia
791 1663 856 1728 ilar
872 1664 1010 1736 Austris,
1027 1662 1138 1751 Styrie
1154 1671 1185 1728 ei
1200 1663 1380 1736 iiorintlic,
1405 1665 1469 1728 Do·

271 1776 367 1836 minus
382 1775 545 1845 Corniole,
574 1775 720 1839 Morciric
734 1794 770 1838 ac
793 1774 1042 1844 Parmenonem,
1060 1774 1167 1838 Comes
1184 1774 1213 1835 in
1228 1773 1470 1838 lindiclrebnrclt

272 1883 349 1945 etin
368 1884 541 1955 Cbibrircb.
566 1905 622 1947 nec
651 1904 707 1946 non
726 1882 927 1964 bantgrauius
942 1882 1088 1955 dioneia,
1117 1881 1317 1967 dominusque
1334 1881 1469 1946 Plrirrc-

269 2000 375 2058 tnrnm
392 1991 528 2056 omnibus
544 1993 575 2056 in
592 1997 759 2077 perpetum.
791 1991 979 2057 Constitutus
996 1993 1025 2056 in
1043 1998 1144 2057 nostra
1163 1992 1321 2074 presencia
1337 1990 1470 2053 bonora-

271 2102 339 2165 biiia
376 2110 406 2165 et
433 2100 604 2184 iieiigiosna
633 2103 679 2165 rir
703 2101 830 2165 deuotus
858 2108 960 2167 noster
988 2101 1117 2168 dilectus
1145 2103 1242 2166 irater
1266 2099 1469 2169 counradum,

271 2210 560 2276 inhonorarent
577 2211 695 2278 Sancte
713 2212 832 2284 Graccis,
850 2211 972 2277 Ordinis
989 2209 1218 2283 Cistercicnsis‚
1241 2208 1472 2275 Patirouicneia

271 2319 429 2405 dyocesis,
454 2342 508 2404 pro
533 2343 568 2386 se
592 2325 623 2385 et
639 2341 694 2385 suo
711 2320 869 2385 Conuentn
886 2319 972 2385 nobis
988 2320 1141 2386 humiliter
1156 2318 1363 2404 snpplicauit,
1392 2339 1471 2403 qna-

272 2435 360 2492 tenns
380 2429 540 2514 priuilegia
564 2429 693 2516 qaedam
718 2450 774 2514 per
797 2429 868 2494 dine
889 2428 1115 2494 recordacionis
1138 2430 1358 2494 Serenissimos
1377 2429 1470 2494 Prin·

273 2539 356 2622 cipes
380 2540 537 2604 Dominum
561 2541 745 2625 liudolfum,
773 2558 861 2603 auum
889 2543 1040 2612 nostrum,
1067 2548 1099 2603 et
1126 2537 1283 2603 Dominum
1304 2540 1469 2604 Aldertum

272 2650 438 2729 genitorem
452 2656 597 2721 nostrum,
610 2651 807 2715 Romanorum
818 2650 919 2733 Reges
928 2650 1143 2735 progenitores
1156 2654 1276 2714 nostros
1288 2647 1469 2714 karissimos

271 2778 418 2822 coracessa
447 2766 478 2823 et
498 2760 662 2843 approbata
687 2760 777 2824 etiam
802 2779 857 2823 nos
874 2759 950 2844 ipsis
967 2765 999 2822 et
1014 2778 1068 2822 suo
1084 2758 1267 2825 ilionasterio
1285 2757 1470 2843 approbare,

271 2867 415 2931 innouare
433 2873 464 2930 et
480 2866 651 2932 concedere
676 2865 714 2931 de
731 2865 858 2950 speciali
880 2867 985 2950 gracia
1008 2865 1211 2951 dignaremur.
1252 2867 1384 2949 Quorum
1401 2868 1470 2950 pri·

271 2975 449 3056 uiiegiorum
472 2981 561 3040 tenor
578 2977 662 3040 unius
679 2973 749 3040 tuiis
766 2983 822 3039 est.
866 2975 975 3061 (Foigt
991 2975 1041 3040 die
1056 2975 1170 3040 Fontes
1186 2974 1242 3038 iid.
1259 2976 1313 3049 XI,
1342 2997 1370 3059 p.
1389 2972 1470 3048 248,

271 3083 324 3146 Nr.
339 3083 493 3148 CCLXXV
508 3084 715 3168 abgedrncite
729 3084 874 3149 Urkunde
887 3085 1001 3168 iidnigs
1021 3084 1134 3157 liudolf
1150 3083 1172 3148 i.
1190 3083 1260 3148 ddo.
1278 3082 1332 3147 24.
1350 3082 1471 3147 ianuar

277 3193 389 3277 1286.)
412 3192 514 3256 Tener
535 3213 608 3257 vero
631 3195 755 3260 secundi
777 3194 931 3278 priuilegii
952 3194 1020 3258 talis
1036 3199 1093 3257 est.
1131 3193 1237 3281 (Foigt
1254 3194 1304 3257 die
1331 3189 1391 3257 loe.
1415 3194 1470 3258 cii.

271 3323 299 3384 p.
316 3302 383 3365 252
411 3301 619 3383 abgedrucirtc
633 3301 780 3386 Urimnde
798 3303 934 3385 Herzogo
952 3303 1097 3369 nioreont
1123 3305 1145 3369 i.
1174 3303 1243 3367 ddo.
1262 3303 1315 3367 24.
1335 3304 1469 3366 liccem·

272 3408 326 3473 ber
347 3408 463 3495 1286.)
488 3410 549 3476 Nos
566 3413 666 3496 itaque
683 3412 910 3496 progenitorum
929 3419 1109 3485 nostrorum,
1127 3411 1326 3477 Romanorum
1339 3413 1470 3493 Regum,

270 3540 306 3581 ac
324 3518 447 3581 altor-nm
465 3520 632 3605 principum
649 3519 810 3585 illustrium
828 3522 965 3604 vestigiis
982 3505 1168 3596 inherentes,
1184 3521 1234 3605 qui
1251 3520 1470 3584 iiionasterium

271 3628 391 3692 Sancte
408 3629 517 3694 Graecia
533 3628 703 3713 predictum
720 3633 865 3694 auxerunt
879 3629 1042 3695 honoribus
1059 3637 1090 3695 et
1106 3629 1260 3694 fauoribus
1278 3629 1470 3710 ampliarunt,

270 3735 468 3800 deaocionem
497 3757 617 3822 qnoque
639 3738 808 3810 sinceram,
837 3758 893 3822 qua
918 3737 992 3803 dicti
1009 3739 1112 3804 dilecti
1129 3738 1252 3803 nostri.
1289 3735 1418 3802 ,Abbas
1437 3742 1470 3799 et

289 3892 296 3907 .
335 3842 539 3909 ‚Conuentus
572 3848 652 3911 circa
681 3845 774 3910 diuini
809 3847 907 3912 cuitus
935 3846 1077 3933 obsequia
1105 3847 1272 3911 feruentior
1298 3845 1470 3927 inuigilant,

270 3953 420 4018 sincerius
452 3954 662 4027 attendentes,
694 3955 813 4021 deuotis
845 3957 978 4040 ipsorum
1011 3955 1154 4040 precibus
1185 3953 1394 4019 fauorabiiiter
1418 3954 1470 4016 in-

270 4062 389 4136 clinati,
413 4064 597 4148 prescripta
616 4083 719 4128 eorum
754 4062 930 4151 priuilegia,
969 4071 1057 4149 prout
1088 4068 1157 4127 suni
1198 4065 1339 4150 superius
1372 4083 1471 4126 anno-

272 4175 355 4244 tata,
384 4193 420 4237 ac
448 4193 553 4236 omnes
576 4178 607 4235 et
630 4172 767 4258 singulos
789 4171 933 4238 articulos
958 4173 1053 4236 ineis
1078 4177 1251 4245 contentos,
1280 4173 1471 4243 innouamus,

271 4280 471 4364 approbamus
501 4302 536 4345 ac
564 4285 716 4364 presentis
744 4283 849 4364 scripti
874 4281 1035 4346 munimine
1059 4283 1246 4345 roboramus.
1283 4280 1365 4346 Nulli
1392 4301 1471 4362 ergo

272 4391 389 4452 omnino
405 4388 556 4454 bominum
573 4398 740 4456 nostrorum
759 4389 888 4456 iidciium
908 4392 982 4455 bano
999 4394 1103 4454 nostre
1118 4389 1336 4462 innouacionis‚
1354 4411 1469 4474 appro-

273 4497 419 4569 bacionb,
437 4520 490 4562 seu
509 4483 736 4563 raliirabicionis
752 4499 889 4584 paginam
909 4497 999 4563 liceat
1015 4499 1194 4581 infringere,
1212 4498 1304 4562 antei
1321 4495 1350 4560 in
1368 4497 1470 4582 aliquo

272 4628 345 4671 ausu
367 4608 525 4673 temerario
548 4607 714 4680 contraire,
746 4606 825 4692 quod
852 4608 902 4694 qui
930 4607 1032 4673 faeere
1059 4606 1312 4692 praesumpserit,
1340 4625 1469 4688 grauem

273 4724 375 4783 nostre
403 4716 623 4801 indignacionis
650 4716 784 4798 rigorem
818 4738 852 4779 se
879 4718 998 4781 nouerit
1027 4716 1203 4780 incurrisse.
1246 4716 1278 4780 in
1301 4715 1389 4778 cuins
1422 4715 1471 4778 rei
