3192 5342
246 485 320 554 124

239 658 417 723 decoramur
438 658 574 722 altissimi
602 658 810 724 desideramus
833 656 975 731 efficere,
1002 658 1083 722 sicut
1105 656 1161 722 Jus
1188 658 1373 740 expostulat,
1403 661 1436 721 et

238 765 334 830 dictat
364 766 445 829 racio
474 765 616 830 virtuosis
634 812 959 830 ........
978 764 1037 829 boc
1063 765 1143 829 inter
1173 769 1278 828 cetera
1309 762 1435 848 pietatis

239 893 332 956 opera
353 872 420 936 lore
451 892 611 937 censemus
634 875 830 957 precipuum,
854 878 889 936 ut
910 873 1050 957 personis
1074 877 1105 936 et
1126 871 1203 936 locis
1220 872 1381 955 Religiosis
1403 872 1436 935 in

239 986 429 1063 augmentum
446 978 543 1045 cultus
563 1025 752 1045 .....
771 1000 837 1044 mus
853 979 1023 1052 comodum,
1039 979 1177 1043 submoto
1204 979 1363 1044 incomodo
1389 981 1435 1044 in-

240 1089 359 1174 quietis.
393 1087 542 1170 Quocirca
558 1107 625 1152 cum
641 1091 722 1151 viros
740 1087 910 1171 Religiosos
926 1088 957 1151 in
973 1084 1094 1151 Christo
1111 1084 1198 1150 nobIs
1215 1085 1344 1152 dilectos
1362 1135 1371 1151 .
1407 1133 1416 1149 .

236 1195 409 1260 Abbatenl.
446 1243 454 1260 .
491 1243 499 1258 .
536 1197 633 1259 .lerii
648 1195 767 1261 Sancte
782 1196 892 1261 Graccis
905 1196 935 1258 in
951 1196 1080 1268 austria,
1108 1194 1222 1258 ordinis
1239 1193 1436 1278 cystercien-

238 1302 292 1373 sis,
309 1302 498 1366 Patauiensis
515 1302 673 1387 Dpocesis.
708 1303 868 1388 Ipsumque
883 1303 1099 1367 blonasterinm
1121 1301 1159 1366 ob
1184 1300 1292 1364 celibis
1315 1300 1376 1364 vite
1403 1306 1436 1363 et

238 1414 432 1478 blonastice,
469 1462 477 1477 .
515 1460 523 1476 .
560 1413 703 1497 ,pollere
728 1415 909 1487 noscuntur,
936 1410 1137 1494 prestanciam
1160 1407 1303 1493 specialis
1321 1408 1435 1471 iauorls

237 1521 333 1584 nostri
355 1520 549 1603 prerogatiua
574 1520 605 1584 in
627 1520 746 1585 domino
773 1519 1005 1602 amplectemur,
1032 1519 1207 1601 cupientes,
1237 1536 1273 1580 ac
1296 1515 1435 1580 volentos

257 1675 264 1690 .
302 1675 310 1691 .
347 1675 355 1691 .
392 1626 509 1691 .Cnrie
521 1627 644 1693 celestis
656 1627 774 1691 laudern
787 1631 890 1690 nostro
903 1624 1094 1708 gratulentur
1104 1623 1259 1707 suffragio,
1277 1627 1309 1686 st
1320 1623 1435 1706 graciis

237 1733 421 1817 specialibus
436 1736 638 1818 pertruantur.
671 1735 748 1820 lpsis
776 1739 808 1798 et
829 1733 967 1817 predicto
994 1733 1159 1795 idonaster.
1182 1751 1220 1795 ex
1246 1731 1436 1795 serenissimi

239 1843 270 1905 et
297 1841 408 1905 domini
434 1843 528 1906 nostri
554 1844 715 1909 Fbiderici
743 1844 941 1906 Romanorum
971 1839 1065 1921 Regis
1094 1858 1217 1922 semper
1244 1838 1365 1921 augusti
1396 1856 1434 1901 ac

235 1947 359 2012 [ilustris
378 1950 512 2022 tidonis
537 1950 629 2015 Ducis
651 1950 772 2016 Austris
795 1954 827 2014 et
854 1949 955 2033 styrie
980 1948 1103 2011 fratrum
1123 1993 1313 2011 .....
1331 1945 1431 2010 libera

236 2055 390 2120 voluntate
412 2061 443 2120 et
466 2063 548 2122 certa
577 2058 727 2130 scientia,
752 2078 811 2122 non
829 2056 916 2130 dolo,
939 2076 996 2120 nec
1018 2054 1124 2119 fraude
1140 2054 1353 2126 circumuenti,
1375 2053 1433 2118 scd

236 2168 351 2227 maturo
367 2166 492 2229 consilio
508 2172 539 2229 et
554 2164 771 2230 deliberatione
786 2164 953 2250 probabitis
973 2211 1253 2228 .......
1272 2165 1304 2224 et
1318 2160 1433 2224 libera·

235 2269 303 2333 litcr
325 2271 355 2333 in
376 2272 483 2355 predio
504 2274 653 2357 ipsorum,
679 2272 760 2338 dicto
789 2274 1004 2358 Nydersubs,
1039 2269 1191 2335 Judicium
1221 2268 1377 2352 sanguinis
1401 2272 1435 2331 et

235 2378 366 2441 omnium
383 2379 596 2463 suppliciorum
609 2380 808 2445 etmultarum
821 2381 929 2444 Penarn
946 2379 1075 2462 impon.
1111 2425 1120 2442 .
1157 2424 1166 2440 .
1202 2377 1382 2440 .'l'runcum
1400 2378 1432 2438 et

235 2482 413 2558 Patibulum,
429 2486 593 2569 vulgariter
607 2486 683 2551 Stok
705 2490 736 2551 et
752 2487 879 2569 Galgen,
898 2486 1095 2571 nuncupatis,
1116 2489 1223 2549 tenore
1244 2484 1432 2568 presentium

233 2589 358 2673 elargiri
371 2599 402 2656 et
414 2594 503 2657 etiam
515 2595 710 2678 presentibus
724 2594 848 2677 elargim
869 2641 1102 2659 ......
1121 2593 1182 2677 lpsi
1195 2591 1296 2656 llbbas
1312 2597 1344 2656 ct
1355 2609 1433 2654 con·

234 2704 343 2763 uentus
365 2699 477 2764 ibidem
494 2701 657 2766 Patibulum
674 2704 704 2765 in
719 2703 787 2766 loco
807 2703 988 2785 competenti
1005 2701 1123 2783 erigant
1144 2706 1175 2763 et
1189 2702 1335 2783 perpetuo
1356 2719 1432 2782 pre·

234 2805 381 2871 dictorum
403 2808 527 2873 fratrum
551 2816 719 2873 nostrorum
736 2830 843 2873 acm.
881 2856 889 2873 .
926 2857 934 2872 .
971 2808 1099 2880 .beont,
1123 2827 1179 2890 per
1194 2827 1267 2870 suos
1282 2805 1432 2870 officiales

233 2914 263 2977 io
280 2913 361 2979 dicto
374 2916 482 2999 predio
491 2916 637 2997 judicium
651 2923 841 3002 prenotatam
856 2936 1003 2981 exercere
1015 2921 1046 2980 et
1058 2914 1171 2978 babere
1188 2934 1255 2979 cnm
1271 2912 1432 2998 suppliciis

232 3023 581 3105 prenotatislnhibem.
618 3074 626 3088 .
657 3071 666 3088 .
697 3074 704 3089 .
742 3025 970 3106 ,gulisliitioni
983 3027 1086 3086 nostre
1099 3022 1256 3097 subiectis,
1269 3041 1309 3084 ne
1321 3021 1430 3104 quouis

233 3130 333 3194 studio
347 3130 395 3194 uel
407 3133 523 3197 cautela
536 3131 575 3197 de
585 3134 715 3198 dureuel
727 3134 765 3198 de
777 3134 857 3197 lacto
870 3133 1168 3214 venirepresumant,
1182 3127 1431 3206 contragraoiam

251 3283 259 3299 .
296 3280 306 3299 .
342 3282 350 3300 .
372 3260 427 3302 seu
443 3242 471 3302 ei
488 3239 713 3325 quomodolibet
728 3262 801 3304 ausu
818 3241 979 3303 temerario
997 3238 1166 3309 contraire,
1195 3238 1275 3300 sicut
1290 3236 1431 3317 omnipo·

233 3345 327 3410 tentis
350 3347 406 3412 Dei
430 3347 532 3431 dynam
553 3347 699 3413 ulcionem
730 3354 923 3433 nostramque
954 3352 986 3411 et
1018 3363 1229 3410 successorum
1260 3347 1431 3407 nostrorum

252 3500 486 3519 ......
506 3461 537 3520 et
549 3456 709 3520 vindictam
722 3457 870 3522 voluerint
882 3455 1008 3519 enitare.
1024 3454 1056 3517 lo
1068 3454 1154 3518 cuius
1166 3452 1213 3515 rei
1225 3451 1431 3516 testimonium

234 3567 395 3644 presentes
411 3563 528 3627 litteras
553 3565 758 3647 predictorum
779 3564 904 3629 fratrum
926 3567 1093 3626 nostrorum
1112 3560 1222 3643 sigillis
1239 3559 1276 3622 ad
1294 3563 1430 3623 nostram

233 3670 294 3732 inst
312 3716 592 3735 .......
612 3673 752 3757 appensis
768 3675 912 3735 nostrove
929 3669 1029 3753 sigillo
1048 3670 1124 3752 ipsis
1143 3667 1320 3733 tradidimus
1336 3666 1433 3731 robo-

233 3782 323 3841 ratas.
348 3776 411 3842 Nos
428 3777 520 3861 igilur
535 3779 728 3853 blidericus,
745 3780 802 3842 Dei
817 3778 915 3861 gratia
931 3777 1130 3840 Romanorum
1147 3778 1210 3840 Rex
1225 3795 1347 3859 semper
1366 3776 1432 3838 do-

232 3890 340 3968 gustus
359 3934 548 3951 .....
570 3889 668 3953 Otto.
706 3888 836 3969 ‚gracia
859 3886 925 3949 Dux
946 3885 1067 3948 bustric
1089 3889 1120 3948 et
1141 3883 1244 3968 Styrie
1266 3884 1430 3967 prenotati,

231 3999 338 4058 tenore
350 3995 536 4077 presentium
548 3995 735 4078 profitemur,
746 3992 913 4078 predictam
926 3992 1060 4075 graciam
1072 3997 1103 4056 ct
1115 3991 1326 4064 donacionem,
1347 3992 1432 4056 sicut

232 4101 271 4165 de
292 4101 386 4167 verbo
407 4103 445 4166 ad
466 4103 590 4169 verbum
609 4151 797 4168 .....
818 4106 902 4167 certa
924 4106 1025 4166 nostra
1055 4102 1203 4173 scientia,
1226 4099 1381 4165 voluntate
1397 4108 1432 4164 et

232 4230 358 4275 assensu
376 4232 447 4276 esse
458 4211 579 4284 factam,
597 4230 683 4296 qnam
697 4214 727 4274 et
738 4230 793 4274 nos
807 4211 843 4275 ad
856 4210 951 4294 ipsius
963 4210 1067 4274 fratris
1080 4210 1187 4282 nostri,
1200 4207 1294 4273 Ducis
1306 4208 1434 4274 ailberti

230 4318 408 4382 instanciam
427 4366 661 4385 ......
681 4319 917 4403 appensionibus
931 4315 1152 4383 confirmemus.
1172 4316 1279 4381 Datum
1297 4317 1431 4383 Wicooe

233 4445 310 4490 anno
322 4426 434 4491 domini
447 4426 608 4491 bllllesimo
620 4426 849 4493 Trecentesimo
861 4426 1005 4492 vicesimo
1018 4429 1135 4490 octauo.
1147 4426 1180 4489 ln
1191 4424 1241 4489 dic
1250 4423 1428 4489 llatbarine.

306 4566 423 4637 Originol
447 4569 495 4622 aul
513 4569 669 4638 Pergameni
675 4604 685 4632 ‚
710 4569 772 4624 sebr
795 4567 935 4624 sobadbalt
957 4567 1005 4622 mit
1026 4566 1111 4622 oinem
1139 4566 1338 4638 stapel-aest,
1362 4570 1429 4625 arvei

232 4657 331 4712 andere
343 4658 433 4730 Sisgel
458 4659 556 4712 setrico.
