3192 5342
260 490 310 565 tu

261 669 389 743 adiecto,
405 669 485 753 quod
502 687 608 733 omnes
625 688 732 733 carneas
749 667 921 739 inferiores.
938 669 1049 731 sactum
1066 671 1171 733 mortis
1188 690 1246 734 non
1264 674 1456 755 contigentes

259 780 317 862 ipsi
333 778 442 841 fratres
460 796 516 860 per
540 797 574 840 se
597 775 648 841 uel
665 796 721 859 per
749 774 897 841 officiales
919 794 991 839 suos
1007 778 1125 860 possint
1148 778 1291 844 iudicare.
1331 783 1384 847 Ad
1398 783 1458 847 bec

259 889 357 971 ipsum
374 886 589 950 Monasterium
617 890 648 949 ct
670 885 779 949 tratres
805 886 835 948 in
853 884 960 948 eodem
977 885 1148 950 residentes
1165 888 1311 971 peculiari
1328 888 1456 974 quadam

259 995 407 1060 libertatis
420 995 613 1079 prerogatiua
628 993 774 1059 decorare
786 994 935 1066 volentes,
953 1015 990 1058 ue
1004 1015 1059 1079 per
1075 996 1244 1079 quempiam
1256 1000 1343 1078 regni
1359 999 1456 1061 nostri

259 1103 388 1169 lncolam
417 1105 612 1187 cuiseumquc
640 1101 797 1185 diguitatis
822 1111 872 1167 aut
893 1107 990 1166 status
1007 1104 1131 1175 existat,
1159 1105 1188 1168 in
1206 1105 1269 1169 suis
1285 1106 1410 1171 Juribus
1428 1113 1459 1171 et

259 1211 452 1277 libertatibus
468 1211 677 1275 disturbentur
700 1210 800 1295 ipsos,
823 1211 1040 1297 uniuersasque
1055 1215 1268 1296 possessiones
1283 1214 1458 1279 eorumdem

260 1341 317 1404 per
328 1320 426 1400 Regni
436 1321 532 1383 nostri
546 1317 666 1384 climata
682 1320 847 1383 existentes
859 1320 889 1382 in
902 1319 1095 1385 aduocaciam
1113 1326 1144 1385 et
1159 1321 1366 1387 defensionem
1384 1342 1458 1387 nos-

259 1434 335 1494 tram
350 1428 515 1512 recipimus
532 1426 713 1511 specialem;
730 1426 877 1492 Omnibus
894 1434 925 1491 et
941 1428 1070 1512 singulis
1087 1435 1144 1494 tam
1162 1430 1355 1514 presentibus
1368 1450 1457 1515 quam

258 1537 367 1602 tuturis
391 1536 477 1617 regio
500 1534 600 1600 edicto
628 1533 756 1599 tirmiter
785 1537 999 1619 iniungentes,
1033 1558 1072 1603 ne
1099 1539 1195 1602 ceteri
1221 1539 1260 1603 ad
1283 1539 1456 1605 huiusmodi

260 1645 455 1711 aduocaciam
478 1649 617 1727 pretextu
640 1663 694 1707 seu
718 1644 804 1708 titulo
827 1645 953 1709 alicuius
976 1645 1155 1710 hereditatis
1171 1667 1226 1731 per
1242 1651 1456 1731 progenitores

263 1751 436 1817 eorumdem
464 1752 546 1817 dicto
561 1751 745 1816 ltlouasterio
773 1752 883 1817 docete
911 1774 946 1818 se
961 1754 1163 1819 intromittere
1180 1761 1369 1839 presumant,
1399 1758 1455 1821 sed

261 1862 352 1927 iidem
363 1860 465 1925 Abbas
483 1864 514 1924 et
529 1860 640 1924 iratres
656 1861 833 1924 aduocatum
850 1881 906 1925 seu
918 1861 1108 1927 defensorem
1127 1865 1193 1928 rice
1205 1884 1336 1947 persone
1352 1873 1457 1930 nostre

260 1970 437 2043 maiestatis,
454 1988 541 2056 quem
556 1967 718 2046 noluerint,
734 1967 848 2051 eligant
860 1976 891 2034 et
906 1969 966 2041 illo,
979 1972 1005 2034 si
1016 1970 1118 2056 piacet
1128 1972 1286 2056 repudiato
1297 1980 1329 2036 et
1340 1974 1457 2038 reiecto

260 2079 508 2164 quandocumque
530 2081 561 2141 et
583 2077 858 2164 quocienscumque
875 2079 919 2142 eis
936 2078 1089 2143 uidebitur
1105 2079 1266 2164 expedire.
1295 2080 1384 2145 alium
1407 2082 1457 2145 uel

261 2187 336 2251 alios
349 2186 379 2249 in
391 2187 488 2271 ipsam
500 2185 692 2251 aduocaciam
709 2183 824 2267 eligant
840 2192 870 2250 et
886 2194 1047 2258 assumant,
1064 2189 1115 2272 qui
1132 2187 1215 2272 ipsos
1228 2190 1458 2272 possessiones·

258 2315 317 2380 que
333 2314 437 2358 eorum
458 2295 615 2359 uniuersas
632 2292 810 2377 indempnes
828 2300 859 2358 et
875 2293 978 2359 illesas
996 2314 1071 2379 pure
1088 2300 1119 2359 et
1131 2296 1310 2379 simpliciter
1327 2303 1455 2382 propter

259 2404 347 2466 deum
372 2407 404 2467 et
425 2423 484 2467 non
506 2402 629 2466 racione
653 2398 780 2465 alicuius
801 2396 885 2465 'dacii
902 2402 952 2466 uel
967 2405 1098 2486 pecunie
1115 2405 1152 2469 ab
1169 2406 1213 2468 eis
1229 2427 1349 2491 quoquo
1366 2407 1456 2471 modo

259 2510 436 2594 recipiendo
453 2515 485 2574 ct
500 2509 638 2574 habende
655 2509 834 2574 auctoritate
850 2510 934 2594 regia
956 2516 1094 2577 teneatur
1118 2534 1310 2578 conseruare.
1352 2515 1386 2578 si
1404 2517 1456 2601 qui

259 2640 331 2683 uero
362 2617 533 2684 huiusmodi
562 2621 695 2681 nostram
717 2616 868 2683 salubrem
894 2619 1116 2686 ordinacionem
1145 2626 1176 2685 et
1202 2625 1336 2704 graciam
1365 2623 1457 2687 dictis

259 2727 401 2793 fratribus
422 2728 530 2792 lactem
547 2746 697 2809 processu
712 2727 860 2809 temporis
885 2727 999 2792 uiolare
1021 2731 1258 2815 presumpserit,
1282 2731 1333 2795 uel
1356 2731 1455 2796 eidem

259 2836 465 2921 quoquomodo
491 2856 564 2900 ausu
580 2836 743 2900 temerario
766 2836 920 2899 contraire
947 2839 1192 2922 attemptauerit‚
1221 2837 1342 2903 ulcione
1369 2839 1456 2921 regie

259 2945 393 3009 vindicte
410 2945 440 3007 in
456 2943 548 3007 rebus
566 2948 598 3007 et
612 2962 741 3028 persona
762 2944 912 3027 punietur.
942 2945 974 3008 lu
991 2947 1076 3011 cuius
1092 2949 1137 3011 rei
1155 2948 1328 3011 memoriam
1342 2968 1457 3033 perpe·

262 3060 402 3137 tuamque
430 3050 601 3116 firmitatem
629 3058 788 3136 presentes
819 3054 1026 3118 concessimus
1054 3056 1174 3120 litteras
1202 3055 1332 3139 duplicis
1361 3055 1457 3139 sigilli

263 3163 358 3224 nostri
374 3159 537 3224 munimine
551 3160 720 3225 roboratas.
744 3160 852 3225 Datum
864 3181 920 3245 per
931 3181 1036 3229 manus
1050 3164 1240 3229 Honorabilis
1254 3163 1307 3226 uiri
1320 3164 1459 3245 magistri

260 3270 420 3336 Jobennis
446 3270 585 3334 albensis
618 3266 752 3333 ecclesie
779 3270 925 3353 prepositi
954 3274 985 3334 el
1015 3271 1229 3353 archydiacnni
1251 3274 1458 3349 lrnlrdlcmis,

261 3376 364 3442 dilecti
380 3382 413 3440 et
429 3376 527 3440 tidelis
545 3379 640 3441 nostri
657 3376 726 3442 aule
742 3382 846 3442 nostre
863 3378 930 3443 vice
946 3377 1120 3443 cancellarii
1136 3378 1239 3443 Xllll⁰.
1257 3378 1327 3444 ldus
1345 3380 1421 3466 (sic.
1440 3383 1457 3443 ἱ)

262 3484 347 3570 liet.)
363 3484 505 3551 Octobris
529 3506 604 3550 anno
627 3485 739 3550 domini
756 3486 913 3550 ldillesimo
929 3486 1158 3551 Trecentesimo
1174 3485 1300 3552 Decimo
1316 3488 1458 3572 septimo.

262 3593 359 3674 Regni
375 3598 474 3657 autem
491 3595 587 3658 nostri
604 3613 680 3659 auno
698 3593 835 3658 similiter
852 3595 970 3659 decimo
988 3595 1128 3679 septimo.

335 3734 455 3806 Original
468 3735 516 3790 ani
524 3736 683 3807 Pergament
694 3736 742 3791 mit
754 3740 836 3792 etwas
848 3736 1048 3808 beschttdigtem
1061 3737 1162 3812 Siegcl.

818 3919 908 3998 LVI.

262 4058 330 4130 usu,
344 4059 390 4118 tu.
404 4059 573 4132 repensor,
587 4073 637 4120 ror
648 4059 775 4120 tonum.
789 4094 825 4103 -
838 4062 926 4125 Kert,
946 4065 1041 4135 Kome
1054 4082 1110 4120 een
1125 4064 1252 4136 vegam,
1266 4066 1398 4137 ueterem
1410 4067 1464 4121 der

264 4151 344 4207 Adtci
364 4151 580 4222 Hermonem
601 4152 658 4210 deu
675 4153 773 4209 Berits
789 4152 843 4209 der
857 4154 949 4209 cerer
977 4155 1156 4228 Vopclndorf
1173 4157 1232 4212 und
1250 4156 1413 4230 Pcteederf
1431 4159 1463 4213 irs

801 4243 925 4313 usqam.

357 4366 420 4431 Nos
435 4370 574 4435 Korolus
590 4370 638 4434 dei
656 4371 758 4454 gracia
776 4371 838 4436 Rex
853 4375 1020 4461 Hesperie
1042 4374 1248 4455 significamus
1264 4380 1373 4440 tenore
1390 4399 1461 4461 pre-

264 4476 398 4540 sencium
415 4476 525 4560 quibus
543 4478 665 4561 expedit
681 4479 837 4552 uniuersis.
855 4482 933 4565 quod
951 4483 1007 4546 riri
1018 4483 1174 4565 Religiosi,
1190 4484 1465 4551 traterJobennes

266 4582 360 4647 abbas
384 4590 414 4648 et
438 4586 557 4669 qnidam
577 4588 688 4649 fratres
712 4587 886 4651 Monasterii
913 4598 1024 4655 ennete
1041 4592 1162 4664 Crucis,
1184 4592 1308 4656 Ordinis
1335 4593 1465 4678 cyster-

266 4692 379 4756 ciensis
403 4693 441 4756 de
462 4692 595 4758 Austris
617 4695 802 4778 patauiensis
826 4693 967 4780 dyocesis
994 4697 1097 4762 dilecti
1120 4699 1206 4763 nobis
1234 4706 1265 4762 et
1292 4699 1401 4764 lideles
1429 4702 1466 4766 ad
