3192 5342
1276 441 1353 513 327

158 614 332 699 prolnbieio
356 614 446 681 modo
470 614 630 699 prehabito
653 620 818 699 proptsrea
842 613 922 678 iacta
950 613 1076 685 luisset,
1104 614 1173 697 qnia
1203 614 1359 699 predictus

160 723 335 811 &sperius
355 743 411 807 per
432 724 529 807 ipsam
551 721 826 788 reambulecionem
849 726 881 787 et
895 726 1042 786 metarum
1060 722 1245 785 erectionem
1263 723 1358 807 ipsius

159 831 365 915 possessionis
386 831 513 898 Welisd
533 838 641 896 uocate
668 849 808 911 magnam
836 830 1016 915 particulam
1040 836 1125 893 terre
1152 829 1191 893 ds
1218 829 1356 915 predicto

156 939 248 1005 Nosco
257 940 385 1027 predio,
401 959 456 1004 seu
468 939 507 1004 de
519 939 716 1023 possessione
732 939 830 1022 ipsius
843 937 955 1002 domini
967 935 1091 1002 Abbatis
1109 941 1140 1001 et
1153 958 1208 1002 sue
1222 938 1356 1002 ecclesie

159 1049 344 1131 Μαῖα
375 1054 483 1112 uocate
509 1047 549 1111 ad
578 1046 707 1111 eandem
735 1047 961 1132 possessionem
994 1046 1119 1112 Wcliod
1146 1066 1298 1131 occupare
1329 1054 1360 1112 et

157 1154 317 1238 applicare
334 1154 498 1229 noluisset,
521 1174 651 1240 eumque
669 1154 716 1218 his
732 1155 889 1239 perceptis
906 1153 1062 1238 predictus
1079 1161 1259 1237 procurator
1273 1157 1359 1241 ipsa·

158 1284 226 1328 rum
241 1264 377 1348 parcium
394 1266 424 1328 in
441 1284 490 1337 eo,
512 1269 610 1330 ulrum
633 1266 701 1348 ipse
722 1269 826 1348 partes
849 1266 878 1327 in
900 1264 981 1328 lacto
1004 1262 1206 1347 predictarum
1230 1283 1356 1348 posses-

157 1373 277 1436 sionum
293 1391 396 1436 earum
413 1372 513 1457 alique
528 1370 648 1436 metalla
665 1372 865 1436 instrumenta
882 1370 1047 1443 haberent,
1065 1391 1102 1435 an
1120 1392 1192 1435 uero
1210 1372 1356 1455 legitime,

159 1485 192 1544 nt
213 1485 318 1544 nostro
341 1479 486 1544 incumbit
505 1481 624 1551 officio,
648 1480 812 1564 requisitos
839 1479 1068 1551 habuissemus,
1096 1478 1176 1543 idem
1203 1481 1357 1547 Nicotaus

158 1593 337 1673 procurator
353 1588 449 1670 ipsius
466 1589 616 1676 Grepors'i
631 1588 744 1653 actoris
761 1587 861 1652 sidem
875 1587 1029 1674 &eposio
1045 1586 1213 1671 predictam
1230 1609 1355 1672 posses·

157 1698 277 1761 doeens
289 1697 414 1763 Weliad
421 1696 492 1780 jure
504 1696 688 1760 hereditario
701 1697 865 1780 pertinere,
878 1694 1017 1781 nullaque
1029 1697 1225 1760 instrumenta
1235 1697 1357 1762 metalla

157 1807 259 1888 ipsam
270 1807 299 1869 in
312 1807 393 1869 lacto
401 1805 536 1870 eiusdem
545 1805 750 1888 possessionis
761 1804 874 1869 habere
884 1803 1031 1888 allegerat
1043 1812 1074 1870 st
1081 1804 1254 1879 affirmarat,
1264 1827 1357 1871 anno-

159 1919 239 1978 tatus
256 1933 329 1978 nero
345 1920 525 1997 procurator
547 1914 644 1996 ipsius
660 1913 772 2002 domini
791 1912 921 1978 Abbatis
938 1913 1068 1978 eundem
1084 1913 1235 1978 dominum
1251 1913 1354 1979 noba·

157 2030 221 2086 tem
244 2023 275 2085 in
302 2023 383 2086 iacto
409 2021 542 2105 predicti
563 2022 649 2087 Nosti
670 2022 798 2109 predii,
826 2042 879 2086 seu
900 2022 1106 2104 possessionis
1127 2022 1356 2088 Mesochorum

154 2131 244 2196 acte
261 2135 367 2194 uocate
383 2128 556 2213 predictum
570 2129 720 2192 dominum
731 2128 880 2193 Abbatem
896 2129 1015 2193 metalia
1031 2131 1230 2194 instrumenta
1243 2130 1357 2195 habere

155 2239 294 2304 reserens
319 2237 463 2322 quasdam
491 2236 609 2302 litteras
638 2237 782 2324 Capituli
807 2237 1015 2303 Jooriaemis
1042 2236 1251 2321 priuilegiales
1281 2241 1355 2304 teria

157 2347 292 2413 secunda
310 2347 442 2430 proxima
459 2352 530 2430 post
545 2351 669 2410 octauaa
686 2346 759 2410 lesti
776 2346 966 2411 innencionis
982 2351 1089 2410 sancte
1106 2345 1214 2411 Crucis
1231 2348 1262 2411 in
1278 2369 1356 2414 anno

156 2456 268 2522 domini
285 2453 445 2519 biillesimo
461 2451 570 2518 CCC¹²⁰
590 2453 737 2538 trigesimo
754 2460 861 2537 quarto
880 2460 1033 2518 emanatas
1049 2453 1137 2518 nobis
1153 2462 1355 2539 presentarat,

154 2565 187 2627 in
203 2564 312 2647 quibem
325 2582 472 2646 expresse
484 2582 738 2647 conspexeramus
750 2563 868 2637 haberi,
884 2562 965 2648 quod
981 2583 1049 2630 cnm
1065 2564 1177 2628 dictum
1187 2561 1355 2647 Capitulum

155 2671 194 2734 ad
211 2671 393 2754 peticionem
417 2672 537 2735 comitis
552 2670 710 2744 Simonis,
734 2670 893 2736 castellani
915 2672 954 2735 de
974 2672 1089 2745 Oscor,
1115 2693 1245 2737 necnon
1272 2676 1356 2738 nice·

156 2780 276 2844 comilis
292 2780 503 2845 dissentientis
518 2800 574 2863 per
595 2780 712 2845 litteras
731 2801 802 2845 snas
826 2782 883 2865 ipsi
903 2780 1038 2865 Capitclo
1059 2781 1166 2854 iactas,
1189 2782 1356 2848 discretum

156 2889 251 2952 uirum
268 2888 444 2971 magistrum
460 2888 639 2960 Nicatoras,
657 2888 835 2953 canonicum
851 2889 984 2953 ecclesie
999 2889 1135 2973 ipsorum
1151 2890 1304 2954 seniorem
1323 2898 1354 2956 et

155 2999 394 3062 concanonicum
421 3015 540 3071 eorum,
568 3017 670 3063 eoram
693 3018 752 3082 quo
774 3000 842 3082 ipse
864 3018 968 3063 comes
991 2998 1101 3064 Simon
1123 3005 1154 3061 st
1179 2999 1355 3075 Jobonnes,

155 3105 234 3170 lilius
261 3105 434 3181 Valentini,
464 3104 601 3169 homines
629 3104 875 3170 excellentissimi
899 3106 1020 3171 Domini
1044 3108 1173 3180 Koroli,
1203 3109 1350 3193 quondam

155 3214 238 3297 regis
253 3214 440 3302 Hesperie,
463 3213 684 3279 reambularent
709 3213 858 3298 quondam
882 3216 1109 3298 possessionem
1127 3216 1222 3281 Curio
1236 3216 1351 3283 Mono-

156 3322 296 3395 cbomm,
312 3342 368 3387 seu
384 3325 530 3404 pangis,
546 3323 627 3409 qnod
644 3323 768 3389 Nouum
780 3323 931 3411 predium
947 3330 1150 3407 nuncupatur,
1171 3327 1354 3410 Tmolotco

156 3439 279 3496 uocatur
291 3437 324 3495 et
335 3433 528 3513 assignarent
541 3433 622 3497 dicta
635 3430 728 3496 Curis
744 3451 780 3496 ac
796 3438 965 3496 statuerent
980 3438 1128 3516 perpetuo
1139 3434 1353 3516 possidendam

157 3561 209 3623 pro
225 3540 399 3605 testimonio
417 3539 552 3603 duxisset
568 3540 769 3623 dirigendum,
787 3541 906 3605 demum
923 3539 1023 3604 dietus
1040 3541 1184 3622 magister
1197 3544 1352 3611 Nicodema

156 3651 319 3714 canonicus
341 3647 378 3711 ad
408 3647 504 3729 ipsum
523 3647 693 3732 Capitulum
715 3669 861 3713 reuersus
878 3649 935 3732 ipsi
951 3649 1125 3722 retulisset,
1150 3649 1229 3733 quod
1253 3651 1351 3716 dictus

155 3775 255 3820 eomes
271 3755 383 3821 Simon
399 3761 432 3819 et
448 3754 527 3819 idem
544 3756 726 3831 labeones,
753 3757 833 3821 lilius
853 3757 1027 3830 Valentini,
1044 3756 1179 3822 homines
1195 3762 1352 3825 memorati

155 3864 265 3930 domini
282 3863 393 3946 Regis,
421 3864 596 3929 accedendo
613 3866 651 3929 ad
673 3866 780 3930 faciem
798 3864 916 3949 prelata
933 3867 1148 3949 possessionis,
1169 3868 1351 3952 lbrsnsoloo

155 3977 334 4055 nuncupate,
358 3973 465 4037 uicinis
482 3979 513 4035 et
529 3961 742 4039 commetnaeis
759 3994 794 4038 ae
812 3973 961 4039 nobilibus
977 3973 1092 4047 Castri,
1110 3996 1168 4038 nec
1185 3996 1243 4039 non
1260 3998 1349 4062 qnam

155 4080 289 4163 pluribus
313 4079 466 4147 nobilibus
488 4082 556 4147 aliis
579 4082 676 4147 libere
698 4083 886 4148 condicionis
909 4084 948 4147 ds
965 4082 1251 4148 circumiacentibus
1268 4085 1349 4150 uillis

153 4189 225 4252 inibi
242 4189 420 4253 conuocatis
446 4189 486 4255 de
507 4192 662 4275 prouincia
678 4192 893 4262 ildesemiensi,
923 4209 1025 4254 coram
1053 4191 1120 4274 ipso
1142 4198 1213 4255 ante
1236 4194 1348 4259 dictam

154 4297 376 4379 possessionem
388 4296 626 4364 reambulassent
642 4304 672 4363 et
688 4300 896 4381 assignassent
912 4319 947 4363 ac
964 4300 1141 4364 statuissent
1158 4299 1240 4365 dicte
1255 4303 1350 4368 Cierio

156 4405 379 4472 nonachorum
412 4412 560 4491 perpetuo
594 4405 825 4492 possidendam,
865 4406 946 4472 nullo
974 4408 1094 4491 penitus
1124 4408 1372 4478 contradictore.

158 4520 326 4597 apparente
361 4513 475 4581 Cursus
496 4520 597 4581 autem
613 4520 759 4580 metarum
776 4517 981 4600 possessionis
998 4516 1157 4599 sepedicta
1175 4519 1250 4580 tales
1267 4525 1347 4590 sunt,

159 4624 232 4706 qnod
249 4625 344 4706 prima
369 4624 520 4709 inciperet
544 4631 620 4688 mela
644 4625 722 4689 iuxta
746 4626 970 4707 possessionem
989 4626 1198 4690 Zeaclomorio
1215 4634 1349 4691 nocetam
