3192 5342
1273 466 1319 541 51

131 646 233 706 nostre
249 642 418 707 maiestatis
439 641 623 707 accedentes
642 642 832 724 presentiam
857 642 1001 726 quasdam
1023 648 1122 708 terres
1143 645 1335 734 lbpclndors

132 756 160 815 et
174 752 354 836 Poteedors
364 750 547 823 nominatas,
572 754 756 823 asserentes,
773 751 857 836 ipsas
880 756 984 817 nostre
1000 752 1157 818 collacioni
1174 753 1326 838 pertinere

128 880 181 944 pro
197 860 300 925 salute
317 860 414 924 anime
431 863 533 923 nostre
550 879 566 922 a
589 859 675 924 nobis
697 859 836 943 predicte
858 860 992 925 ecclesie
1008 869 1118 928 sonmo
1135 863 1246 928 Crucis
1260 861 1327 927 dari

128 974 157 1033 et
167 969 305 1034 conferri
317 968 471 1051 ¹humiliter
482 969 650 1053 pecierunt.
675 967 737 1031 Nos
749 968 841 1050 igitur
853 969 1094 1043 considerantes,
1104 970 1187 1055 quod
1199 970 1326 1054 Regiam

126 1079 215 1144 decet
230 1079 439 1150 maiestatem,
466 1078 554 1142 iustis
575 1077 748 1161 petencium
771 1076 935 1143 desideriis
962 1078 1080 1144 facilem
1105 1079 1237 1164 prebere
1254 1100 1327 1144 con-

127 1207 251 1251 cessum
276 1187 307 1248 io
336 1186 395 1249 hiis
422 1186 581 1273 precique,
612 1206 671 1270 que
699 1185 808 1251 diuinis
837 1185 951 1259 rebus,
985 1187 1204 1272 religionisque
1231 1187 1326 1253 cultui

128 1297 267 1361 uidentur
284 1315 355 1359 csse
372 1293 521 1378 prolicua,
550 1293 658 1378 quibus
675 1312 730 1357 nos
751 1313 787 1356 eo
805 1295 900 1375 magis
917 1293 1073 1359 debitores
1089 1296 1251 1370 credimbs,
1267 1316 1326 1382 quo

128 1405 202 1470 bone
220 1405 322 1468 omnia
340 1401 378 1467 de
394 1403 491 1486 ipsius
508 1402 646 1484 largitlua
668 1400 885 1466 beneuolencia
908 1404 1120 1485 cognoscimus
1136 1407 1326 1489 percepisse,

130 1512 276 1598 peticioni
303 1511 476 1575 eorumdem
501 1510 612 1574 domini
638 1510 755 1575 abbatis
778 1514 810 1575 et
832 1509 956 1575 fratrum
973 1530 1096 1577 suorum
1112 1517 1201 1594 grato
1218 1534 1325 1579 occur·

128 1626 231 1687 rentes
248 1640 378 1684 assesso
395 1640 430 1683 ex
446 1617 631 1691 deuocione,
659 1638 746 1703 quam
764 1638 848 1683 more
865 1618 989 1683 aliorum
1013 1619 1128 1703 Regum
1143 1623 1322 1709 Huoporie,

129 1731 357 1814 progenitorum
370 1732 539 1792 nostrorum
553 1726 610 1792 deo
624 1727 801 1792 deuotorum
814 1747 888 1810 erga
902 1728 1028 1794 eandem
1041 1728 1203 1793 ecclesiam
1215 1739 1325 1796 sande

130 1838 239 1904 Cascis
268 1836 445 1923 specialiter
473 1836 624 1917 gerimus,
654 1835 809 1919 predictas
840 1837 1052 1919 possessiones
1084 1838 1277 1925 l'opclndorf
1296 1842 1327 1901 et

128 1948 304 2031 Potcedorf
313 1966 383 2011 curn
399 1945 496 2026 agris,
524 1943 620 2027 pratis
642 1951 673 2009 et
692 1943 847 2028 piscature
874 1943 930 2008 sub
955 1946 1085 2031 antiquis
1108 1946 1197 2011 metis
1214 1949 1245 2009 et
1260 1951 1326 2010 ter·

129 2055 216 2118 minis
239 2075 279 2118 eo
305 2056 387 2126 iure,
415 2072 473 2138 quo
501 2056 605 2117 nostre
631 2052 726 2135 Regis
753 2051 912 2118 collacioni
940 2054 1097 2137 pertinere
1120 2053 1325 2127 dinoscuntur,

129 2163 225 2227 eidem
249 2162 386 2227 ecclesie
410 2170 520 2229 sonem
538 2161 648 2227 Crucis
669 2162 700 2225 io
722 2167 901 2246 perpetuam
926 2161 1134 2236 elemosinam,
1163 2166 1196 2227 ut
1219 2162 1326 2228 eadem

16 2274 17 2303 ff
128 2270 259 2353 gloriose
278 2291 352 2335 crux
372 2270 402 2334 iu
419 2274 523 2335 eterne
544 2269 758 2334 retribucionis
775 2270 892 2353 gremio
917 2289 971 2334 uos
987 2271 1151 2336 clementer
1173 2273 1277 2336 foueat
1293 2277 1326 2336 et

16 2384 18 2479 ἶ
129 2379 259 2450 solerer,
288 2377 444 2453 dedimus,
471 2379 646 2443 doneuimus
674 2384 704 2442 ct
732 2376 912 2444 contulimus
940 2383 1087 2463 perpetuo
1112 2378 1326 2462 possidendas,

129 2488 275 2552 tenendas
301 2492 334 2552 et
353 2487 520 2551 habendas.
559 2487 615 2560 Et,
639 2506 706 2551 curn
734 2489 896 2570 presentes
919 2486 1004 2552 nobis
1026 2492 1179 2575 repoptate
1206 2486 1328 2560 suerint,

130 2603 263 2661 nostrum
293 2616 386 2681 super
412 2596 471 2660 hoc
499 2595 690 2680 priuilegium
714 2595 778 2659 dari
801 2595 958 2660 iaciemus.
998 2596 1105 2660 Datum
1133 2595 1190 2660 sub
1217 2595 1325 2660 Castro
1372 2642 1377 2650 -

16 2782 17 2789 χ
129 2707 294 2771 domorum
321 2705 417 2770 tercio
440 2704 491 2768 die
521 2704 695 2769 festiuitatis
719 2702 801 2767 beati
829 2703 987 2769 Michaelis
1014 2704 1214 2789 Archangeli,
1241 2706 1324 2769 Anno

130 2815 239 2879 domiui
256 2815 314 2878 bit.
332 2812 432 2879 CCCt
449 2812 723 2899 decimoseptimo.

198 2956 320 3029 Origine!
332 2955 379 3012 ant
388 2957 557 3027 Pergameut,
569 2956 666 3013 descen
679 2954 857 3027 rutpedrdckt
868 2970 1023 3026 permoneo
1036 2954 1126 3025 Sioget
1139 2954 1214 3010 fehlt

676 3134 781 3215 LVII.

130 3281 207 3355 llll,
235 3283 262 3341 a.
279 3280 407 3353 muter,
431 3279 471 3339 tm
488 3280 578 3353 teger
595 3292 644 3338 ror
656 3277 783 3338 domurn.
798 3308 832 3318 -
846 3278 940 3348 Kenio
956 3276 1108 3333 ericodes
1124 3276 1178 3333 111.
1197 3276 1327 3347 sarum

128 3374 177 3429 der
196 3375 281 3431 Abtrr'
296 3373 513 3444 Heiliperrtreus
532 3372 589 3426 alle
607 3371 726 3433 Recbtc,
748 3370 910 3425 dreibciterr
927 3369 988 3424 und
1007 3367 1146 3434 Gradere,
1169 3369 1271 3427 coelebs
1283 3370 1326 3425 ric

390 3480 455 3518 vom
467 3461 560 3531 Konip
573 3460 648 3515 Korl
661 3477 717 3515 voa
734 3460 851 3529 Unporrs
865 3458 994 3513 erbolterr
1006 3458 1063 3513 bct.

16 3654 18 3683 ἱ
218 3594 404 3659 Fridcrimrs
419 3592 475 3655 Dei
492 3590 596 3674 gracia
607 3590 805 3655 Romanorum
820 3589 882 3653 Rex
898 3608 1018 3673 semper
1030 3590 1182 3671 Augustus
1198 3588 1326 3652 Vniuer-

16 3768 17 3773 ,
133 3705 174 3767 sis
190 3703 278 3767 Sacri
301 3701 426 3765 Romani
446 3699 567 3784 Imperii
589 3697 729 3764 fidelibus
755 3702 786 3761 et
807 3697 1004 3784 specialiter.
1024 3746 1031 3762 .
1049 3696 1144 3761 ludici
1162 3745 1169 3759 .
1188 3747 1195 3762 .
1213 3697 1328 3762 duratis

16 3802 17 3805 ¹
134 3820 164 3877 et
192 3811 317 3877 Cinibus
340 3810 600 3882 Posonicnsibns.
633 3829 691 3873 uec
717 3828 775 3872 oon
804 3808 872 3872 aliis
900 3807 1140 3893 quibuscumque
1168 3811 1329 3888 presentes

16 4008 17 4013 ἵ
132 3921 248 3986 litteras
270 3919 468 4002 inspecturis,
491 3918 628 4001 graciam
653 3937 737 3980 susm
762 3921 794 3980 et
815 3935 902 3978 omne
917 3914 1038 3979 bouum.
1076 3913 1201 3979 Gratum
1222 3912 1281 3976 deo
1299 3918 1329 3977 et

132 4027 322 4113 acceptabile
343 4027 528 4112 impendisse
551 4024 728 4108 obsequium
745 4022 940 4095 arbitramur,
968 4020 1037 4086 dum
1054 4040 1202 4105 personas
1218 4020 1327 4084 Eccle-

16 4138 18 4143 ’
133 4139 271 4203 siastices
288 4137 320 4200 in
336 4136 401 4200 suis
418 4135 612 4199 consonemus
628 4131 752 4197 «Iuribus
780 4136 811 4195 et
828 4151 864 4195 ea
881 4132 955 4216 ipsis
972 4130 1010 4194 ab
1026 4129 1094 4193 aliis
1111 4129 1238 4193 iacimus
1254 4148 1330 4191 cou-

132 4248 256 4311 servari.
279 4246 451 4328 Eapropter
467 4240 664 4306 Uniuersitati
681 4239 791 4303 Vestre
807 4239 1002 4324 presentibus
1019 4237 1223 4309 declaramus,
1249 4236 1330 4321 quod

134 4354 323 4418 attendentes
342 4353 474 4434 benigne
491 4348 606 4414 celebis
625 4348 686 4412 uite
701 4350 901 4432 preconium,
929 4368 988 4433 quo
1007 4343 1205 4410 llonorebiles
1223 4349 1254 4409 et
1269 4345 1331 4407 lle·

133 4463 236 4545 ligiosi
251 4464 307 4525 riri
327 4508 335 4524 .
354 4508 361 4523 .
379 4459 479 4524 Abbas
503 4464 534 4522 et
551 4456 725 4521 Conuersus
741 4456 916 4521 Monasterii
932 4455 1049 4521 Sancte
1067 4454 1189 4526 Crucis,
1207 4451 1330 4516 Ordinis

16 4656 17 4661 ἵ
134 4570 354 4657 cysterciensis
371 4566 561 4633 Patauiensis
584 4565 725 4648 dyocesis
753 4566 848 4629 nostri
874 4564 978 4629 dilecti
1002 4564 1104 4628 deuoti
1128 4560 1238 4627 diuinis
1254 4560 1331 4624 insi·

135 4688 249 4747 slentes
262 4679 400 4746 leudibus
414 4675 675 4749 commendantur;
693 4674 759 4739 Nec
775 4696 833 4739 non
850 4675 939 4740 tidem
956 4694 991 4738 ac
1006 4673 1210 4745 deuotionem,
1224 4669 1332 4753 quibus

1073 4780 1113 4834 40
