<?xml version="1.0" encoding="UTF-8"?>
<!DOCTYPE html PUBLIC "-//W3C//DTD XHTML 1.0 Transitional//EN"
    "http://www.w3.org/TR/xhtml1/DTD/xhtml1-transitional.dtd">
<html xmlns="http://www.w3.org/1999/xhtml" xml:lang="en" lang="en">
 <head>
  <title>
</title>
<meta http-equiv="Content-Type" content="text/html;charset=utf-8" />
  <meta name='ocr-system' content='tesseract 3.04.00' />
  <meta name='ocr-capabilities' content='ocr_page ocr_carea ocr_par ocr_line ocrx_word'/>
</head>
<body>
  <div class='ocr_page' id='page_1' title='image "./fontesrerumaust07unkngoog_0135.png"; bbox 0 0 3192 5342; ppageno 0'>
   <div class='ocr_carea' id='block_1_1' title="bbox 236 470 311 542">
    <p class='ocr_par' dir='ltr' id='par_1_1' title="bbox 236 470 311 542">
     <span class='ocr_line' id='line_1_1' title="bbox 236 470 311 542; baseline 0.013 -1"><span class='ocrx_word' id='word_1_1' title='bbox 236 470 311 542; x_wconf 84' lang='lat'>122</span> 
     </span>
    </p>
   </div>
   <div class='ocr_carea' id='block_1_2' title="bbox 232 644 1435 2665">
    <p class='ocr_par' dir='ltr' id='par_1_2' title="bbox 232 644 1435 2665">
     <span class='ocr_line' id='line_1_2' title="bbox 232 644 1431 729; baseline 0 -22"><span class='ocrx_word' id='word_1_2' title='bbox 232 644 360 708; x_wconf 89' lang='lat' dir='ltr'>eundem</span> <span class='ocrx_word' id='word_1_3' title='bbox 377 646 588 708; x_wconf 86' lang='lat' dir='ltr'>monasterium</span> <span class='ocrx_word' id='word_1_4' title='bbox 599 645 709 709; x_wconf 88' lang='lat' dir='ltr'>deuote</span> <span class='ocrx_word' id='word_1_5' title='bbox 720 647 921 719; x_wconf 84' lang='lat' dir='ltr'>accesserint,</span> <span class='ocrx_word' id='word_1_6' title='bbox 936 646 1030 709; x_wconf 92' lang='lat' dir='ltr'>autin</span> <span class='ocrx_word' id='word_1_7' title='bbox 1045 645 1178 709; x_wconf 86' lang='lat' dir='ltr'>serotina</span> <span class='ocrx_word' id='word_1_8' title='bbox 1190 644 1367 729; x_wconf 88' lang='lat' dir='ltr'>pulsacione</span> <span class='ocrx_word' id='word_1_9' title='bbox 1379 663 1431 708; x_wconf 92' lang='lat' dir='ltr'>se·</span> 
     </span>
     <span class='ocr_line' id='line_1_3' title="bbox 233 750 1430 835; baseline 0.001 -21"><span class='ocrx_word' id='word_1_10' title='bbox 233 751 362 815; x_wconf 89' lang='lat' dir='ltr'>cundum</span> <span class='ocrx_word' id='word_1_11' title='bbox 374 750 492 815; x_wconf 89' lang='lat' dir='ltr'>modum</span> <span class='ocrx_word' id='word_1_12' title='bbox 502 753 586 817; x_wconf 89' lang='lat' dir='ltr'>curie</span> <span class='ocrx_word' id='word_1_13' title='bbox 597 753 729 818; x_wconf 85' lang='lat' dir='ltr'>llomane</span> <span class='ocrx_word' id='word_1_14' title='bbox 741 752 827 818; x_wconf 84' lang='lat' dir='ltr'>flexis</span> <span class='ocrx_word' id='word_1_15' title='bbox 839 753 968 835; x_wconf 79' lang='lat' dir='ltr'>genibus</span> <span class='ocrx_word' id='word_1_16' title='bbox 981 756 1029 816; x_wconf 90' lang='lat' dir='ltr'>ter</span> <span class='ocrx_word' id='word_1_17' title='bbox 1041 772 1098 817; x_wconf 91' lang='lat' dir='ltr'>aue</span> <span class='ocrx_word' id='word_1_18' title='bbox 1110 752 1204 816; x_wconf 87' lang='lat' dir='ltr'>maria</span> <span class='ocrx_word' id='word_1_19' title='bbox 1217 752 1355 824; x_wconf 74' lang='lat' dir='ltr'>dixerint,</span> <span class='ocrx_word' id='word_1_20' title='bbox 1374 750 1430 815; x_wconf 84' lang='lat' dir='ltr'>Vel</span> 
     </span>
     <span class='ocr_line' id='line_1_4' title="bbox 233 856 1431 944; baseline -0.001 -23"><span class='ocrx_word' id='word_1_21' title='bbox 233 859 325 943; x_wconf 88' lang='lat' dir='ltr'>quiin</span> <span class='ocrx_word' id='word_1_22' title='bbox 338 878 441 923; x_wconf 84' lang='lat' dir='ltr'>eorum</span> <span class='ocrx_word' id='word_1_23' title='bbox 453 861 640 924; x_wconf 78' lang='lat' dir='ltr'><strong>testamentis</strong></span> <span class='ocrx_word' id='word_1_24' title='bbox 654 866 704 923; x_wconf 92' lang='lat' dir='ltr'>aut</span> <span class='ocrx_word' id='word_1_25' title='bbox 716 866 799 924; x_wconf 86' lang='lat' dir='ltr'>extra</span> <span class='ocrx_word' id='word_1_26' title='bbox 812 880 925 932; x_wconf 89' lang='lat' dir='ltr'>aurum,</span> <span class='ocrx_word' id='word_1_27' title='bbox 938 867 1106 944; x_wconf 83' lang='lat' dir='ltr'>argentum,</span> <span class='ocrx_word' id='word_1_28' title='bbox 1120 860 1299 923; x_wconf 89' lang='lat' dir='ltr'>uestimenta</span> <span class='ocrx_word' id='word_1_29' title='bbox 1312 862 1362 923; x_wconf 89' lang='lat' dir='ltr'>aut</span> <span class='ocrx_word' id='word_1_30' title='bbox 1373 856 1431 922; x_wconf 90' lang='lat' dir='ltr'>ali-</span> 
     </span>
     <span class='ocr_line' id='line_1_5' title="bbox 233 965 1431 1051; baseline -0.001 -20"><span class='ocrx_word' id='word_1_31' title='bbox 233 988 290 1051; x_wconf 88' lang='lat' dir='ltr'>qua</span> <span class='ocrx_word' id='word_1_32' title='bbox 304 965 361 1031; x_wconf 94' lang='lat' dir='ltr'>alia</span> <span class='ocrx_word' id='word_1_33' title='bbox 374 967 528 1032; x_wconf 87' lang='lat' dir='ltr'>caritatiua</span> <span class='ocrx_word' id='word_1_34' title='bbox 542 965 676 1031; x_wconf 91' lang='lat' dir='ltr'>subsidia</span> <span class='ocrx_word' id='word_1_35' title='bbox 689 966 770 1031; x_wconf 90' lang='lat' dir='ltr'>dicto</span> <span class='ocrx_word' id='word_1_36' title='bbox 785 967 979 1043; x_wconf 82' lang='lat' dir='ltr'>monasterio,</span> <span class='ocrx_word' id='word_1_37' title='bbox 992 965 1172 1031; x_wconf 90' lang='lat' dir='ltr'>donauerint</span> <span class='ocrx_word' id='word_1_38' title='bbox 1183 965 1364 1050; x_wconf 85' lang='lat' dir='ltr'>legauerint,</span> <span class='ocrx_word' id='word_1_39' title='bbox 1380 970 1431 1030; x_wconf 89' lang='lat' dir='ltr'>aut</span> 
     </span>
     <span class='ocr_line' id='line_1_6' title="bbox 234 1072 1431 1161; baseline -0.003 -23"><span class='ocrx_word' id='word_1_40' title='bbox 234 1075 339 1139; x_wconf 90' lang='lat' dir='ltr'>donari</span> <span class='ocrx_word' id='word_1_41' title='bbox 352 1073 401 1139; x_wconf 91' lang='lat' dir='ltr'>uel</span> <span class='ocrx_word' id='word_1_42' title='bbox 417 1074 512 1157; x_wconf 81' lang='lat' dir='ltr'>legari</span> <span class='ocrx_word' id='word_1_43' title='bbox 531 1076 769 1158; x_wconf 83' lang='lat' dir='ltr'>procurauerint,</span> <span class='ocrx_word' id='word_1_44' title='bbox 787 1076 849 1140; x_wconf 89' lang='lat' dir='ltr'>Seu</span> <span class='ocrx_word' id='word_1_45' title='bbox 865 1075 917 1161; x_wconf 84' lang='lat' dir='ltr'>qui</span> <span class='ocrx_word' id='word_1_46' title='bbox 932 1075 1033 1139; x_wconf 89' lang='lat' dir='ltr'>missis</span> <span class='ocrx_word' id='word_1_47' title='bbox 1049 1072 1314 1158; x_wconf 86' lang='lat' dir='ltr'>predicacionibus</span> <span class='ocrx_word' id='word_1_48' title='bbox 1331 1076 1431 1136; x_wconf 91' lang='lat' dir='ltr'>matu·</span> 
     </span>
     <span class='ocr_line' id='line_1_7' title="bbox 233 1180 1430 1266; baseline -0.002 -21"><span class='ocrx_word' id='word_1_49' title='bbox 233 1183 303 1247; x_wconf 89' lang='lat' dir='ltr'>tinis</span> <span class='ocrx_word' id='word_1_50' title='bbox 320 1182 456 1266; x_wconf 86' lang='lat' dir='ltr'>uesperis</span> <span class='ocrx_word' id='word_1_51' title='bbox 472 1181 620 1265; x_wconf 81' lang='lat' dir='ltr'>Religiosi</span> <span class='ocrx_word' id='word_1_52' title='bbox 636 1182 694 1245; x_wconf 88' lang='lat' dir='ltr'>uiri</span> <span class='ocrx_word' id='word_1_53' title='bbox 711 1180 823 1246; x_wconf 91' lang='lat' dir='ltr'>domini</span> <span class='ocrx_word' id='word_1_54' title='bbox 847 1227 856 1243; x_wconf 90' lang='lat'><strong>.</strong></span> <span class='ocrx_word' id='word_1_55' title='bbox 884 1228 893 1245; x_wconf 90' lang='lat'><strong>.</strong></span> <span class='ocrx_word' id='word_1_56' title='bbox 915 1181 1033 1246; x_wconf 87' lang='lat' dir='ltr'>abbatis</span> <span class='ocrx_word' id='word_1_57' title='bbox 1050 1180 1124 1248; x_wconf 88' lang='lat' dir='ltr'>dicti</span> <span class='ocrx_word' id='word_1_58' title='bbox 1139 1181 1314 1247; x_wconf 87' lang='lat' dir='ltr'>monasterii</span> <span class='ocrx_word' id='word_1_59' title='bbox 1330 1180 1430 1244; x_wconf 87' lang='lat' dir='ltr'>inter·</span> 
     </span>
     <span class='ocr_line' id='line_1_8' title="bbox 232 1288 1431 1375; baseline -0.005 -20"><span class='ocrx_word' id='word_1_60' title='bbox 232 1290 357 1363; x_wconf 86' lang='lat' dir='ltr'>tuerint,</span> <span class='ocrx_word' id='word_1_61' title='bbox 374 1288 429 1353; x_wconf 90' lang='lat' dir='ltr'>Vel</span> <span class='ocrx_word' id='word_1_62' title='bbox 446 1291 497 1375; x_wconf 91' lang='lat' dir='ltr'>qui</span> <span class='ocrx_word' id='word_1_63' title='bbox 514 1310 569 1374; x_wconf 92' lang='lat' dir='ltr'>pro</span> <span class='ocrx_word' id='word_1_64' title='bbox 585 1289 698 1354; x_wconf 77' lang='lat' dir='ltr'><strong>salubri</strong></span> <span class='ocrx_word' id='word_1_65' title='bbox 710 1294 789 1355; x_wconf 91' lang='lat' dir='ltr'>statu</span> <span class='ocrx_word' id='word_1_66' title='bbox 806 1290 909 1354; x_wconf 78' lang='lat' dir='ltr'>fratris</span> <span class='ocrx_word' id='word_1_67' title='bbox 921 1288 1101 1361; x_wconf 71' lang='lat' dir='ltr'><em>Michaelis,</em></span> <span class='ocrx_word' id='word_1_68' title='bbox 1116 1288 1255 1355; x_wconf 90' lang='lat' dir='ltr'>monachi</span> <span class='ocrx_word' id='word_1_69' title='bbox 1272 1288 1346 1352; x_wconf 87' lang='lat' dir='ltr'>dieti</span> <span class='ocrx_word' id='word_1_70' title='bbox 1362 1306 1431 1349; x_wconf 90' lang='lat' dir='ltr'>mn-</span> 
     </span>
     <span class='ocr_line' id='line_1_9' title="bbox 235 1393 1434 1483; baseline -0.003 -23"><span class='ocrx_word' id='word_1_71' title='bbox 235 1397 359 1462; x_wconf 75' lang='lat' dir='ltr'>nasterii</span> <span class='ocrx_word' id='word_1_72' title='bbox 387 1397 474 1461; x_wconf 90' lang='lat' dir='ltr'>istius</span> <span class='ocrx_word' id='word_1_73' title='bbox 502 1397 695 1479; x_wconf 76' lang='lat' dir='ltr'>indulgencie</span> <span class='ocrx_word' id='word_1_74' title='bbox 721 1397 927 1483; x_wconf 80' lang='lat' dir='ltr'>impetratoris</span> <span class='ocrx_word' id='word_1_75' title='bbox 952 1396 1022 1461; x_wconf 91' lang='lat' dir='ltr'>dum</span> <span class='ocrx_word' id='word_1_76' title='bbox 1047 1395 1155 1462; x_wconf 85' lang='lat' dir='ltr'>uixerit</span> <span class='ocrx_word' id='word_1_77' title='bbox 1177 1403 1208 1459; x_wconf 87' lang='lat' dir='ltr'>et</span> <span class='ocrx_word' id='word_1_78' title='bbox 1234 1396 1332 1460; x_wconf 89' lang='lat' dir='ltr'>anima</span> <span class='ocrx_word' id='word_1_79' title='bbox 1356 1393 1434 1467; x_wconf 87' lang='lat' dir='ltr'>eius,</span> 
     </span>
     <span class='ocr_line' id='line_1_10' title="bbox 235 1500 1432 1587; baseline -0.003 -19"><span class='ocrx_word' id='word_1_80' title='bbox 235 1524 302 1568; x_wconf 91' lang='lat' dir='ltr'>cum</span> <span class='ocrx_word' id='word_1_81' title='bbox 331 1505 368 1568; x_wconf 92' lang='lat' dir='ltr'>ab</span> <span class='ocrx_word' id='word_1_82' title='bbox 393 1504 449 1568; x_wconf 92' lang='lat' dir='ltr'>bac</span> <span class='ocrx_word' id='word_1_83' title='bbox 473 1502 541 1568; x_wconf 88' lang='lat' dir='ltr'>luce</span> <span class='ocrx_word' id='word_1_84' title='bbox 563 1505 739 1587; x_wconf 82' lang='lat' dir='ltr'>migrnuerit</span> <span class='ocrx_word' id='word_1_85' title='bbox 765 1511 796 1568; x_wconf 90' lang='lat' dir='ltr'>et</span> <span class='ocrx_word' id='word_1_86' title='bbox 819 1503 974 1569; x_wconf 81' lang='lat' dir='ltr'>animabus</span> <span class='ocrx_word' id='word_1_87' title='bbox 1002 1504 1132 1566; x_wconf 86' lang='lat' dir='ltr'>omnium</span> <span class='ocrx_word' id='word_1_88' title='bbox 1165 1500 1297 1567; x_wconf 87' lang='lat' dir='ltr'>fidelium</span> <span class='ocrx_word' id='word_1_89' title='bbox 1320 1503 1432 1567; x_wconf 88' lang='lat' dir='ltr'>deiun-</span> 
     </span>
     <span class='ocr_line' id='line_1_11' title="bbox 234 1608 1434 1694; baseline -0.004 -18"><span class='ocrx_word' id='word_1_90' title='bbox 234 1619 349 1677; x_wconf 90' lang='lat' dir='ltr'>ctorum</span> <span class='ocrx_word' id='word_1_91' title='bbox 365 1613 536 1676; x_wconf 76' lang='lat' dir='ltr'>oracionem</span> <span class='ocrx_word' id='word_1_92' title='bbox 554 1612 732 1678; x_wconf 79' lang='lat' dir='ltr'>dominicam</span> <span class='ocrx_word' id='word_1_93' title='bbox 749 1631 818 1676; x_wconf 90' lang='lat' dir='ltr'>cum</span> <span class='ocrx_word' id='word_1_94' title='bbox 833 1612 1017 1676; x_wconf 84' lang='lat' dir='ltr'>salutacione</span> <span class='ocrx_word' id='word_1_95' title='bbox 1034 1609 1170 1694; x_wconf 85' lang='lat' dir='ltr'>angelica</span> <span class='ocrx_word' id='word_1_96' title='bbox 1194 1610 1362 1694; x_wconf 83' lang='lat' dir='ltr'>piamento</span> <span class='ocrx_word' id='word_1_97' title='bbox 1386 1608 1434 1673; x_wconf 89' lang='lat' dir='ltr'>di-</span> 
     </span>
     <span class='ocr_line' id='line_1_12' title="bbox 234 1714 1433 1804; baseline -0.004 -20"><span class='ocrx_word' id='word_1_98' title='bbox 234 1720 344 1792; x_wconf 85' lang='lat' dir='ltr'>xerint,</span> <span class='ocrx_word' id='word_1_99' title='bbox 371 1721 669 1804; x_wconf 85' lang='lat' dir='ltr'>Quocienscumque,</span> <span class='ocrx_word' id='word_1_100' title='bbox 686 1719 936 1804; x_wconf 83' lang='lat' dir='ltr'>quandocumque</span> <span class='ocrx_word' id='word_1_101' title='bbox 958 1723 989 1782; x_wconf 90' lang='lat' dir='ltr'>et</span> <span class='ocrx_word' id='word_1_102' title='bbox 1005 1716 1186 1803; x_wconf 90' lang='lat' dir='ltr'>ubicumque</span> <span class='ocrx_word' id='word_1_103' title='bbox 1206 1717 1354 1803; x_wconf 90' lang='lat' dir='ltr'>premissa</span> <span class='ocrx_word' id='word_1_104' title='bbox 1380 1714 1433 1779; x_wconf 90' lang='lat' dir='ltr'>uel</span> 
     </span>
     <span class='ocr_line' id='line_1_13' title="bbox 235 1822 1434 1913; baseline -0.005 -21"><span class='ocrx_word' id='word_1_105' title='bbox 235 1828 347 1912; x_wconf 88' lang='lat' dir='ltr'>aliquid</span> <span class='ocrx_word' id='word_1_106' title='bbox 364 1830 579 1913; x_wconf 80' lang='lat' dir='ltr'>premissorum</span> <span class='ocrx_word' id='word_1_107' title='bbox 595 1828 704 1893; x_wconf 87' lang='lat' dir='ltr'>deuote</span> <span class='ocrx_word' id='word_1_108' title='bbox 717 1828 856 1904; x_wconf 86' lang='lat' dir='ltr'>fecerint,</span> <span class='ocrx_word' id='word_1_109' title='bbox 874 1826 914 1890; x_wconf 92' lang='lat' dir='ltr'>de</span> <span class='ocrx_word' id='word_1_110' title='bbox 930 1826 1140 1909; x_wconf 89' lang='lat' dir='ltr'>omnipotentis</span> <span class='ocrx_word' id='word_1_111' title='bbox 1156 1824 1206 1888; x_wconf 90' lang='lat' dir='ltr'>dei</span> <span class='ocrx_word' id='word_1_112' title='bbox 1223 1822 1434 1889; x_wconf 88' lang='lat' dir='ltr'>misericordia</span> 
     </span>
     <span class='ocr_line' id='line_1_14' title="bbox 235 1930 1435 2019; baseline -0.004 -21"><span class='ocrx_word' id='word_1_113' title='bbox 235 1940 267 2000; x_wconf 89' lang='lat' dir='ltr'>et</span> <span class='ocrx_word' id='word_1_114' title='bbox 283 1936 438 2001; x_wconf 88' lang='lat' dir='ltr'>beatorum</span> <span class='ocrx_word' id='word_1_115' title='bbox 453 1936 532 2019; x_wconf 91' lang='lat' dir='ltr'>petri</span> <span class='ocrx_word' id='word_1_116' title='bbox 556 1941 588 1998; x_wconf 91' lang='lat' dir='ltr'>et</span> <span class='ocrx_word' id='word_1_117' title='bbox 603 1934 684 2019; x_wconf 90' lang='lat' dir='ltr'>pauli</span> <span class='ocrx_word' id='word_1_118' title='bbox 701 1933 903 2018; x_wconf 86' lang='lat' dir='ltr'>apostolorum</span> <span class='ocrx_word' id='word_1_119' title='bbox 921 1934 986 1997; x_wconf 87' lang='lat' dir='ltr'>eius</span> <span class='ocrx_word' id='word_1_120' title='bbox 1004 1932 1183 1997; x_wconf 82' lang='lat' dir='ltr'>auctoritate</span> <span class='ocrx_word' id='word_1_121' title='bbox 1199 1931 1305 1997; x_wconf 87' lang='lat' dir='ltr'>confisi</span> <span class='ocrx_word' id='word_1_122' title='bbox 1321 1930 1435 2014; x_wconf 82' lang='lat' dir='ltr'>singuli</span> 
     </span>
     <span class='ocr_line' id='line_1_15' title="bbox 236 2038 1435 2129; baseline -0.003 -25"><span class='ocrx_word' id='word_1_123' title='bbox 236 2049 369 2108; x_wconf 87' lang='lat' dir='ltr'>nostrum</span> <span class='ocrx_word' id='word_1_124' title='bbox 385 2042 584 2129; x_wconf 78' lang='lat' dir='ltr'>quadraginta</span> <span class='ocrx_word' id='word_1_125' title='bbox 600 2042 665 2107; x_wconf 92' lang='lat' dir='ltr'>dies</span> <span class='ocrx_word' id='word_1_126' title='bbox 687 2040 946 2123; x_wconf 83' lang='lat' dir='ltr'>indulgenciarum</span> <span class='ocrx_word' id='word_1_127' title='bbox 968 2039 1006 2104; x_wconf 89' lang='lat' dir='ltr'>de</span> <span class='ocrx_word' id='word_1_128' title='bbox 1027 2040 1171 2105; x_wconf 91' lang='lat' dir='ltr'>iniunctis</span> <span class='ocrx_word' id='word_1_129' title='bbox 1187 2041 1233 2105; x_wconf 91' lang='lat' dir='ltr'>eis</span> <span class='ocrx_word' id='word_1_130' title='bbox 1250 2038 1435 2124; x_wconf 88' lang='lat' dir='ltr'>penitenciis</span> 
     </span>
     <span class='ocr_line' id='line_1_16' title="bbox 236 2144 1433 2225; baseline -0.004 -11"><span class='ocrx_word' id='word_1_131' title='bbox 236 2150 478 2215; x_wconf 88' lang='lat' dir='ltr'>misericorditer</span> <span class='ocrx_word' id='word_1_132' title='bbox 492 2151 522 2213; x_wconf 92' lang='lat' dir='ltr'>in</span> <span class='ocrx_word' id='word_1_133' title='bbox 539 2148 658 2212; x_wconf 90' lang='lat' dir='ltr'>domino</span> <span class='ocrx_word' id='word_1_134' title='bbox 674 2147 861 2221; x_wconf 85' lang='lat' dir='ltr'>relaxamus,</span> <span class='ocrx_word' id='word_1_135' title='bbox 885 2147 1051 2213; x_wconf 87' lang='lat' dir='ltr'>Dummodo</span> <span class='ocrx_word' id='word_1_136' title='bbox 1068 2148 1223 2213; x_wconf 88' lang='lat' dir='ltr'>diocesani</span> <span class='ocrx_word' id='word_1_137' title='bbox 1238 2144 1377 2225; x_wconf 85' lang='lat' dir='ltr'>uoluntas</span> <span class='ocrx_word' id='word_1_138' title='bbox 1394 2144 1433 2209; x_wconf 85' lang='lat' dir='ltr'>ed</span> 
     </span>
     <span class='ocr_line' id='line_1_17' title="bbox 234 2254 1433 2339; baseline -0.004 -18"><span class='ocrx_word' id='word_1_139' title='bbox 234 2258 265 2322; x_wconf 95' lang='lat' dir='ltr'>id</span> <span class='ocrx_word' id='word_1_140' title='bbox 282 2258 449 2322; x_wconf 88' lang='lat' dir='ltr'>accesserit</span> <span class='ocrx_word' id='word_1_141' title='bbox 464 2262 496 2323; x_wconf 88' lang='lat' dir='ltr'>ct</span> <span class='ocrx_word' id='word_1_142' title='bbox 511 2276 689 2321; x_wconf 89' lang='lat' dir='ltr'>consensus.</span> <span class='ocrx_word' id='word_1_143' title='bbox 714 2257 746 2321; x_wconf 89' lang='lat' dir='ltr'>ln</span> <span class='ocrx_word' id='word_1_144' title='bbox 762 2258 849 2322; x_wconf 87' lang='lat' dir='ltr'>cuius</span> <span class='ocrx_word' id='word_1_145' title='bbox 865 2257 912 2320; x_wconf 88' lang='lat' dir='ltr'>rei</span> <span class='ocrx_word' id='word_1_146' title='bbox 924 2257 1128 2321; x_wconf 87' lang='lat' dir='ltr'>testimonium</span> <span class='ocrx_word' id='word_1_147' title='bbox 1140 2260 1300 2339; x_wconf 83' lang='lat' dir='ltr'>presentes</span> <span class='ocrx_word' id='word_1_148' title='bbox 1312 2254 1433 2319; x_wconf 86' lang='lat' dir='ltr'>litteras</span> 
     </span>
     <span class='ocr_line' id='line_1_18' title="bbox 235 2362 1435 2448; baseline -0.003 -20"><span class='ocrx_word' id='word_1_149' title='bbox 235 2365 405 2448; x_wconf 79' lang='lat' dir='ltr'>sigillorum</span> <span class='ocrx_word' id='word_1_150' title='bbox 422 2370 592 2430; x_wconf 90' lang='lat' dir='ltr'>nostrorum</span> <span class='ocrx_word' id='word_1_151' title='bbox 608 2365 749 2429; x_wconf 88' lang='lat' dir='ltr'>iussimus</span> <span class='ocrx_word' id='word_1_152' title='bbox 765 2365 952 2448; x_wconf 85' lang='lat' dir='ltr'>appensione</span> <span class='ocrx_word' id='word_1_153' title='bbox 968 2365 1085 2427; x_wconf 89' lang='lat' dir='ltr'>muniri.</span> <span class='ocrx_word' id='word_1_154' title='bbox 1110 2363 1218 2427; x_wconf 86' lang='lat' dir='ltr'>Datum</span> <span class='ocrx_word' id='word_1_155' title='bbox 1230 2362 1385 2428; x_wconf 77' lang='lat' dir='ltr'>deiciunt</span> <span class='ocrx_word' id='word_1_156' title='bbox 1395 2362 1435 2426; x_wconf 82' lang='lat' dir='ltr'>X.</span> 
     </span>
     <span class='ocr_line' id='line_1_19' title="bbox 236 2468 1435 2556; baseline -0.005 -19"><span class='ocrx_word' id='word_1_157' title='bbox 236 2474 286 2537; x_wconf 88' lang='lat' dir='ltr'>die</span> <span class='ocrx_word' id='word_1_158' title='bbox 313 2474 426 2536; x_wconf 89' lang='lat' dir='ltr'>mensis</span> <span class='ocrx_word' id='word_1_159' title='bbox 449 2472 569 2556; x_wconf 75' lang='lat' dir='ltr'>Aprilis.</span> <span class='ocrx_word' id='word_1_160' title='bbox 606 2475 690 2536; x_wconf 82' lang='lat' dir='ltr'>Anno</span> <span class='ocrx_word' id='word_1_161' title='bbox 715 2472 826 2536; x_wconf 90' lang='lat' dir='ltr'>domini</span> <span class='ocrx_word' id='word_1_162' title='bbox 849 2471 905 2535; x_wconf 82' lang='lat' dir='ltr'>bt0.</span> <span class='ocrx_word' id='word_1_163' title='bbox 924 2470 1022 2536; x_wconf 75' lang='lat'><strong>000⁰.</strong></span> <span class='ocrx_word' id='word_1_164' title='bbox 1039 2470 1164 2538; x_wconf 84' lang='lat' dir='ltr'>xxvul.</span> <span class='ocrx_word' id='word_1_165' title='bbox 1189 2476 1220 2535; x_wconf 86' lang='lat' dir='ltr'>et</span> <span class='ocrx_word' id='word_1_166' title='bbox 1242 2468 1435 2554; x_wconf 85' lang='lat' dir='ltr'>pontificatus</span> 
     </span>
     <span class='ocr_line' id='line_1_20' title="bbox 236 2579 1011 2665; baseline -0.005 -20"><span class='ocrx_word' id='word_1_167' title='bbox 236 2581 347 2646; x_wconf 90' lang='lat' dir='ltr'>domini</span> <span class='ocrx_word' id='word_1_168' title='bbox 363 2579 510 2644; x_wconf 86' lang='lat' dir='ltr'>lobannis</span> <span class='ocrx_word' id='word_1_169' title='bbox 526 2600 603 2665; x_wconf 89' lang='lat' dir='ltr'>pape</span> <span class='ocrx_word' id='word_1_170' title='bbox 618 2580 706 2644; x_wconf 88' lang='lat' dir='ltr'>Xllll.</span> <span class='ocrx_word' id='word_1_171' title='bbox 724 2600 801 2644; x_wconf 88' lang='lat' dir='ltr'>anno</span> <span class='ocrx_word' id='word_1_172' title='bbox 819 2579 1011 2644; x_wconf 88' lang='lat' dir='ltr'>duodecimo.</span> 
     </span>
    </p>
   </div>
   <div class='ocr_carea' id='block_1_3' title="bbox 309 2717 1222 2791">
    <p class='ocr_par' dir='ltr' id='par_1_3' title="bbox 309 2717 1222 2791">
     <span class='ocr_line' id='line_1_21' title="bbox 309 2717 1222 2791; baseline -0.003 -15"><span class='ocrx_word' id='word_1_173' title='bbox 309 2720 427 2791; x_wconf 74' lang='lat' dir='ltr'>original</span> <span class='ocrx_word' id='word_1_174' title='bbox 441 2722 489 2776; x_wconf 85' lang='lat' dir='ltr'>auf</span> <span class='ocrx_word' id='word_1_175' title='bbox 498 2723 657 2791; x_wconf 76' lang='lat' dir='ltr'>Pergameni</span> <span class='ocrx_word' id='word_1_176' title='bbox 669 2722 716 2776; x_wconf 85' lang='lat' dir='ltr'>mit</span> <span class='ocrx_word' id='word_1_177' title='bbox 729 2721 807 2774; x_wconf 84' lang='lat' dir='ltr'>scobs</span> <span class='ocrx_word' id='word_1_178' title='bbox 820 2719 937 2791; x_wconf 76' lang='lat' dir='ltr'>Siegeln,</span> <span class='ocrx_word' id='word_1_179' title='bbox 952 2719 1005 2774; x_wconf 82' lang='lat' dir='ltr'>viar</span> <span class='ocrx_word' id='word_1_180' title='bbox 1018 2719 1117 2773; x_wconf 89' lang='lat' dir='ltr'>andere</span> <span class='ocrx_word' id='word_1_181' title='bbox 1127 2717 1222 2773; x_wconf 84' lang='lat' dir='ltr'>tablen.</span> 
     </span>
    </p>
   </div>
   <div class='ocr_carea' id='block_1_4' title="bbox 753 2900 906 2979">
    <p class='ocr_par' dir='ltr' id='par_1_4' title="bbox 753 2900 906 2979">
     <span class='ocr_line' id='line_1_22' title="bbox 753 2900 906 2979; baseline -0.013 -1"><span class='ocrx_word' id='word_1_182' title='bbox 753 2900 906 2979; x_wconf 85' lang='lat' dir='ltr'>CXVlll.</span> 
     </span>
    </p>
   </div>
   <div class='ocr_carea' id='block_1_5' title="bbox 236 3037 1437 3291">
    <p class='ocr_par' dir='ltr' id='par_1_5' title="bbox 236 3037 1437 3291">
     <span class='ocr_line' id='line_1_23' title="bbox 236 3037 1437 3117; baseline -0.007 -16"><span class='ocrx_word' id='word_1_183' title='bbox 236 3043 319 3115; x_wconf 81' lang='lat' dir='ltr'>leae,</span> <span class='ocrx_word' id='word_1_184' title='bbox 341 3043 385 3103; x_wconf 77' lang='grc'>30.</span> <span class='ocrx_word' id='word_1_185' title='bbox 398 3042 470 3115; x_wconf 66' lang='lat' dir='ltr'>lai,</span> <span class='ocrx_word' id='word_1_186' title='bbox 490 3043 625 3117; x_wconf 76' lang='lat' dir='ltr'>lumen.</span> <span class='ocrx_word' id='word_1_187' title='bbox 646 3076 680 3085; x_wconf 91' lang='lat'>-</span> <span class='ocrx_word' id='word_1_188' title='bbox 695 3044 785 3116; x_wconf 82' lang='lat' dir='ltr'>Papet</span> <span class='ocrx_word' id='word_1_189' title='bbox 806 3044 922 3098; x_wconf 75' lang='lat' dir='ltr'>debono</span> <span class='ocrx_word' id='word_1_190' title='bbox 938 3041 991 3096; x_wconf 81' lang='lat' dir='ltr'>der</span> <span class='ocrx_word' id='word_1_191' title='bbox 1004 3039 1103 3096; x_wconf 81' lang='lat' dir='ltr'><strong><em>XXII.</em></strong></span> <span class='ocrx_word' id='word_1_192' title='bbox 1123 3039 1256 3109; x_wconf 74' lang='lat' dir='ltr'>beatdtipt</span> <span class='ocrx_word' id='word_1_193' title='bbox 1276 3037 1330 3093; x_wconf 81' lang='lat' dir='ltr'>dcc</span> <span class='ocrx_word' id='word_1_194' title='bbox 1349 3038 1437 3093; x_wconf 74' lang='lat' dir='ltr'>Alces·</span> 
     </span>
     <span class='ocr_line' id='line_1_24' title="bbox 236 3127 1435 3205; baseline -0.007 -16"><span class='ocrx_word' id='word_1_195' title='bbox 236 3133 454 3204; x_wconf 71' lang='lat' dir='ltr'>Hcitipcnlrreuz</span> <span class='ocrx_word' id='word_1_196' title='bbox 465 3133 505 3187; x_wconf 80' lang='lat' dir='ltr'>im</span> <span class='ocrx_word' id='word_1_197' title='bbox 517 3133 708 3205; x_wconf 72' lang='lat' dir='ltr'>Attpcmciocn</span> <span class='ocrx_word' id='word_1_198' title='bbox 725 3133 781 3187; x_wconf 83' lang='lat' dir='ltr'>otte</span> <span class='ocrx_word' id='word_1_199' title='bbox 794 3150 851 3187; x_wconf 81' lang='lat' dir='ltr'>von</span> <span class='ocrx_word' id='word_1_200' title='bbox 862 3133 959 3188; x_wconf 79' lang='lat' dir='ltr'>scimea</span> <span class='ocrx_word' id='word_1_201' title='bbox 975 3132 1160 3201; x_wconf 65' lang='lat' dir='ltr'>Voredapcca</span> <span class='ocrx_word' id='word_1_202' title='bbox 1172 3128 1322 3184; x_wconf 79' lang='lat' dir='ltr'>crtlccilten</span> <span class='ocrx_word' id='word_1_203' title='bbox 1335 3127 1435 3182; x_wconf 80' lang='lat' dir='ltr'>Privi-</span> 
     </span>
     <span class='ocr_line' id='line_1_25' title="bbox 783 3222 882 3291; baseline -0.01 -16"><span class='ocrx_word' id='word_1_204' title='bbox 783 3222 882 3291; x_wconf 74' lang='lat' dir='ltr'>topica.</span> 
     </span>
    </p>
   </div>
   <div class='ocr_carea' id='block_1_6' title="bbox 239 3346 1440 3524">
    <p class='ocr_par' dir='ltr' id='par_1_6' title="bbox 239 3346 1440 3524">
     <span class='ocr_line' id='line_1_26' title="bbox 326 3346 1435 3435; baseline -0.005 -19"><span class='ocrx_word' id='word_1_205' title='bbox 326 3352 490 3417; x_wconf 80' lang='lat' dir='ltr'>Joloonnee</span> <span class='ocrx_word' id='word_1_206' title='bbox 502 3354 665 3435; x_wconf 89' lang='lat' dir='ltr'>episcopus</span> <span class='ocrx_word' id='word_1_207' title='bbox 678 3370 784 3415; x_wconf 91' lang='lat' dir='ltr'>seruus</span> <span class='ocrx_word' id='word_1_208' title='bbox 797 3368 955 3414; x_wconf 89' lang='lat' dir='ltr'>seruorum</span> <span class='ocrx_word' id='word_1_209' title='bbox 973 3349 1032 3413; x_wconf 86' lang='lat' dir='ltr'>dei.</span> <span class='ocrx_word' id='word_1_210' title='bbox 1058 3347 1185 3413; x_wconf 86' lang='lat' dir='ltr'>Dilectis</span> <span class='ocrx_word' id='word_1_211' title='bbox 1202 3346 1270 3411; x_wconf 91' lang='lat' dir='ltr'>tiliis</span> <span class='ocrx_word' id='word_1_212' title='bbox 1281 3395 1289 3409; x_wconf 89' lang='lat'><strong><em>.</em></strong></span> <span class='ocrx_word' id='word_1_213' title='bbox 1301 3396 1308 3409; x_wconf 92' lang='lat'><em>.</em></span> <span class='ocrx_word' id='word_1_214' title='bbox 1321 3346 1435 3411; x_wconf 79' lang='lat' dir='ltr'>Abbati</span> 
     </span>
     <span class='ocr_line' id='line_1_27' title="bbox 239 3454 1440 3524; baseline -0.003 -3"><span class='ocrx_word' id='word_1_215' title='bbox 239 3465 270 3522; x_wconf 86' lang='lat' dir='ltr'>et</span> <span class='ocrx_word' id='word_1_216' title='bbox 286 3457 455 3523; x_wconf 80' lang='lat' dir='ltr'>Conuentui</span> <span class='ocrx_word' id='word_1_217' title='bbox 471 3459 646 3523; x_wconf 84' lang='lat' dir='ltr'>blonasterii</span> <span class='ocrx_word' id='word_1_218' title='bbox 669 3460 708 3521; x_wconf 89' lang='lat' dir='ltr'>de</span> <span class='ocrx_word' id='word_1_219' title='bbox 723 3458 845 3524; x_wconf 82' lang='lat' dir='ltr'>Sancto</span> <span class='ocrx_word' id='word_1_220' title='bbox 862 3460 962 3523; x_wconf 78' lang='lat' dir='ltr'>Gracc</span> <span class='ocrx_word' id='word_1_221' title='bbox 983 3455 1197 3520; x_wconf 78' lang='lat' dir='ltr'>cislerciensis</span> <span class='ocrx_word' id='word_1_222' title='bbox 1214 3454 1328 3519; x_wconf 90' lang='lat' dir='ltr'>ordinis</span> <span class='ocrx_word' id='word_1_223' title='bbox 1344 3456 1440 3518; x_wconf 89' lang='lat' dir='ltr'>Pata-</span> 
     </span>
    </p>
   </div>
   <div class='ocr_carea' id='block_1_7' title="bbox 238 3563 1447 4730">
    <p class='ocr_par' dir='ltr' id='par_1_7' title="bbox 238 3563 1447 4730">
     <span class='ocr_line' id='line_1_28' title="bbox 239 3563 1442 3650; baseline -0.002 -21"><span class='ocrx_word' id='word_1_224' title='bbox 239 3567 352 3630; x_wconf 89' lang='lat' dir='ltr'>uiensis</span> <span class='ocrx_word' id='word_1_225' title='bbox 368 3568 500 3632; x_wconf 88' lang='lat' dir='ltr'>diocesis</span> <span class='ocrx_word' id='word_1_226' title='bbox 513 3564 647 3630; x_wconf 89' lang='lat' dir='ltr'>Salutem</span> <span class='ocrx_word' id='word_1_227' title='bbox 664 3573 695 3629; x_wconf 86' lang='lat' dir='ltr'>et</span> <span class='ocrx_word' id='word_1_228' title='bbox 712 3565 909 3650; x_wconf 85' lang='lat' dir='ltr'>apostolicam</span> <span class='ocrx_word' id='word_1_229' title='bbox 926 3564 1177 3628; x_wconf 87' lang='lat' dir='ltr'>benedictionem.</span> <span class='ocrx_word' id='word_1_230' title='bbox 1203 3563 1289 3627; x_wconf 88' lang='lat' dir='ltr'>Solet</span> <span class='ocrx_word' id='word_1_231' title='bbox 1303 3583 1442 3626; x_wconf 86' lang='lat' dir='ltr'>annuere</span> 
     </span>
     <span class='ocr_line' id='line_1_29' title="bbox 238 3670 1442 3758; baseline -0.003 -21"><span class='ocrx_word' id='word_1_232' title='bbox 238 3673 329 3739; x_wconf 89' lang='lat' dir='ltr'>sedes</span> <span class='ocrx_word' id='word_1_233' title='bbox 346 3674 514 3758; x_wconf 84' lang='lat' dir='ltr'>apostolica</span> <span class='ocrx_word' id='word_1_234' title='bbox 536 3674 595 3756; x_wconf 91' lang='lat' dir='ltr'>piis</span> <span class='ocrx_word' id='word_1_235' title='bbox 617 3675 697 3737; x_wconf 91' lang='lat' dir='ltr'>uotis</span> <span class='ocrx_word' id='word_1_236' title='bbox 720 3679 752 3737; x_wconf 91' lang='lat' dir='ltr'>et</span> <span class='ocrx_word' id='word_1_237' title='bbox 775 3673 911 3737; x_wconf 87' lang='lat' dir='ltr'>honestis</span> <span class='ocrx_word' id='word_1_238' title='bbox 941 3673 1108 3756; x_wconf 89' lang='lat' dir='ltr'>petentium</span> <span class='ocrx_word' id='word_1_239' title='bbox 1130 3670 1273 3755; x_wconf 88' lang='lat' dir='ltr'>precibus</span> <span class='ocrx_word' id='word_1_240' title='bbox 1298 3670 1442 3734; x_wconf 80' lang='lat' dir='ltr'>fauorem</span> 
     </span>
     <span class='ocr_line' id='line_1_30' title="bbox 240 3778 1440 3866; baseline -0.003 -21"><span class='ocrx_word' id='word_1_241' title='bbox 240 3782 419 3847; x_wconf 90' lang='lat' dir='ltr'>beneuolum</span> <span class='ocrx_word' id='word_1_242' title='bbox 448 3783 606 3866; x_wconf 85' lang='lat' dir='ltr'>impertiri.</span> <span class='ocrx_word' id='word_1_243' title='bbox 639 3781 810 3864; x_wconf 85' lang='lat' dir='ltr'>Eapropter</span> <span class='ocrx_word' id='word_1_244' title='bbox 837 3779 941 3844; x_wconf 87' lang='lat' dir='ltr'>dilecti</span> <span class='ocrx_word' id='word_1_245' title='bbox 957 3781 988 3842; x_wconf 93' lang='lat' dir='ltr'>in</span> <span class='ocrx_word' id='word_1_246' title='bbox 1011 3779 1130 3843; x_wconf 91' lang='lat' dir='ltr'>domino</span> <span class='ocrx_word' id='word_1_247' title='bbox 1146 3778 1202 3842; x_wconf 87' lang='lat' dir='ltr'>lilii</span> <span class='ocrx_word' id='word_1_248' title='bbox 1218 3779 1330 3842; x_wconf 87' lang='lat' dir='ltr'>uestris</span> <span class='ocrx_word' id='word_1_249' title='bbox 1347 3778 1440 3842; x_wconf 88' lang='lat' dir='ltr'>iustis</span> 
     </span>
     <span class='ocr_line' id='line_1_31' title="bbox 239 3874 1444 3974; baseline -0.003 -20"><span class='ocrx_word' id='word_1_250' title='bbox 239 3889 491 3974; x_wconf 88' lang='lat' dir='ltr'>postulationibus</span> <span class='ocrx_word' id='word_1_251' title='bbox 504 3896 591 3973; x_wconf 81' lang='lat' dir='ltr'>grato</span> <span class='ocrx_word' id='word_1_252' title='bbox 605 3894 807 3954; x_wconf 88' lang='lat' dir='ltr'>coneurentes</span> <span class='ocrx_word' id='word_1_253' title='bbox 820 3874 948 3951; x_wconf 86' lang='lat' dir='ltr'>assensu</span> <span class='ocrx_word' id='word_1_254' title='bbox 961 3907 1066 3950; x_wconf 86' lang='lat' dir='ltr'>omnes</span> <span class='ocrx_word' id='word_1_255' title='bbox 1082 3886 1240 3951; x_wconf 88' lang='lat' dir='ltr'>libertates</span> <span class='ocrx_word' id='word_1_256' title='bbox 1256 3891 1287 3950; x_wconf 85' lang='lat' dir='ltr'>et</span> <span class='ocrx_word' id='word_1_257' title='bbox 1298 3887 1444 3950; x_wconf 89' lang='lat' dir='ltr'>immuni·</span> 
     </span>
     <span class='ocr_line' id='line_1_32' title="bbox 239 3993 1444 4079; baseline -0.002 -17"><span class='ocrx_word' id='word_1_258' title='bbox 239 4004 317 4063; x_wconf 88' lang='lat' dir='ltr'>tates</span> <span class='ocrx_word' id='word_1_259' title='bbox 334 4020 351 4061; x_wconf 89' lang='lat' dir='ltr'>a</span> <span class='ocrx_word' id='word_1_260' title='bbox 373 3997 652 4063; x_wconf 86' lang='lat' dir='ltr'>Predecessoribus</span> <span class='ocrx_word' id='word_1_261' title='bbox 668 3997 780 4060; x_wconf 88' lang='lat' dir='ltr'>nostris</span> <span class='ocrx_word' id='word_1_262' title='bbox 796 3996 940 4060; x_wconf 85' lang='lat' dir='ltr'>Romanis</span> <span class='ocrx_word' id='word_1_263' title='bbox 957 3993 1163 4066; x_wconf 84' lang='lat' dir='ltr'>Pontificibus,</span> <span class='ocrx_word' id='word_1_264' title='bbox 1185 3994 1251 4058; x_wconf 85' lang='lat' dir='ltr'>siue</span> <span class='ocrx_word' id='word_1_265' title='bbox 1272 4015 1328 4079; x_wconf 90' lang='lat' dir='ltr'>per</span> <span class='ocrx_word' id='word_1_266' title='bbox 1343 3994 1444 4078; x_wconf 89' lang='lat' dir='ltr'>priui-</span> 
     </span>
     <span class='ocr_line' id='line_1_33' title="bbox 240 4102 1440 4187; baseline -0.005 -17"><span class='ocrx_word' id='word_1_267' title='bbox 240 4107 331 4187; x_wconf 82' lang='lat' dir='ltr'>legia,</span> <span class='ocrx_word' id='word_1_268' title='bbox 360 4127 414 4170; x_wconf 89' lang='lat' dir='ltr'>seu</span> <span class='ocrx_word' id='word_1_269' title='bbox 431 4106 505 4169; x_wconf 85' lang='lat' dir='ltr'>alias</span> <span class='ocrx_word' id='word_1_270' title='bbox 528 4103 728 4187; x_wconf 83' lang='lat' dir='ltr'>indulgentias</span> <span class='ocrx_word' id='word_1_271' title='bbox 754 4103 840 4168; x_wconf 88' lang='lat' dir='ltr'>vobis</span> <span class='ocrx_word' id='word_1_272' title='bbox 863 4107 895 4167; x_wconf 86' lang='lat' dir='ltr'>et</span> <span class='ocrx_word' id='word_1_273' title='bbox 919 4102 1101 4166; x_wconf 83' lang='lat' dir='ltr'>lltonnsterio</span> <span class='ocrx_word' id='word_1_274' title='bbox 1125 4107 1227 4167; x_wconf 89' lang='lat' dir='ltr'>uestro</span> <span class='ocrx_word' id='word_1_275' title='bbox 1259 4121 1440 4174; x_wconf 86' lang='lat' dir='ltr'>concessas,</span> 
     </span>
     <span class='ocr_line' id='line_1_34' title="bbox 239 4209 1446 4295; baseline -0.004 -17"><span class='ocrx_word' id='word_1_276' title='bbox 239 4236 295 4281; x_wconf 90' lang='lat' dir='ltr'>nec</span> <span class='ocrx_word' id='word_1_277' title='bbox 314 4236 370 4279; x_wconf 90' lang='lat' dir='ltr'>non</span> <span class='ocrx_word' id='word_1_278' title='bbox 387 4214 542 4278; x_wconf 85' lang='lat' dir='ltr'>libertates</span> <span class='ocrx_word' id='word_1_279' title='bbox 559 4219 590 4276; x_wconf 87' lang='lat' dir='ltr'>et</span> <span class='ocrx_word' id='word_1_280' title='bbox 605 4215 812 4295; x_wconf 82' lang='lat' dir='ltr'>exemptiones</span> <span class='ocrx_word' id='word_1_281' title='bbox 829 4210 1008 4274; x_wconf 85' lang='lat' dir='ltr'>secularium</span> <span class='ocrx_word' id='word_1_282' title='bbox 1024 4212 1209 4274; x_wconf 86' lang='lat' dir='ltr'>exactionum</span> <span class='ocrx_word' id='word_1_283' title='bbox 1227 4209 1393 4292; x_wconf 84' lang='lat' dir='ltr'>aRegibus</span> <span class='ocrx_word' id='word_1_284' title='bbox 1411 4217 1446 4274; x_wconf 88' lang='lat' dir='ltr'>et</span> 
     </span>
     <span class='ocr_line' id='line_1_35' title="bbox 239 4316 1447 4406; baseline -0.003 -20"><span class='ocrx_word' id='word_1_285' title='bbox 239 4322 432 4406; x_wconf 86' lang='lat' dir='ltr'>Principibus</span> <span class='ocrx_word' id='word_1_286' title='bbox 459 4343 495 4386; x_wconf 87' lang='lat' dir='ltr'>ac</span> <span class='ocrx_word' id='word_1_287' title='bbox 527 4322 592 4384; x_wconf 89' lang='lat' dir='ltr'>aliis</span> <span class='ocrx_word' id='word_1_288' title='bbox 617 4319 729 4383; x_wconf 83' lang='lat' dir='ltr'>Christi</span> <span class='ocrx_word' id='word_1_289' title='bbox 756 4318 897 4382; x_wconf 84' lang='lat' dir='ltr'>fidelibus</span> <span class='ocrx_word' id='word_1_290' title='bbox 919 4316 1139 4382; x_wconf 88' lang='lat' dir='ltr'>rationabiliter</span> <span class='ocrx_word' id='word_1_291' title='bbox 1165 4317 1252 4382; x_wconf 88' lang='lat' dir='ltr'>uobis</span> <span class='ocrx_word' id='word_1_292' title='bbox 1283 4323 1315 4381; x_wconf 87' lang='lat' dir='ltr'>et</span> <span class='ocrx_word' id='word_1_293' title='bbox 1342 4317 1447 4385; x_wconf 79' lang='lat' dir='ltr'>eidem</span> 
     </span>
     <span class='ocr_line' id='line_1_36' title="bbox 240 4425 1446 4509; baseline -0.005 -14"><span class='ocrx_word' id='word_1_294' title='bbox 240 4432 424 4495; x_wconf 86' lang='lat' dir='ltr'>Monasterio</span> <span class='ocrx_word' id='word_1_295' title='bbox 448 4429 596 4501; x_wconf 86' lang='lat' dir='ltr'>indultas,</span> <span class='ocrx_word' id='word_1_296' title='bbox 612 4430 693 4493; x_wconf 89' lang='lat' dir='ltr'>sicut</span> <span class='ocrx_word' id='word_1_297' title='bbox 705 4448 757 4491; x_wconf 88' lang='lat' dir='ltr'>eas</span> <span class='ocrx_word' id='word_1_298' title='bbox 774 4428 853 4491; x_wconf 88' lang='lat' dir='ltr'>iuste</span> <span class='ocrx_word' id='word_1_299' title='bbox 866 4432 897 4491; x_wconf 89' lang='lat' dir='ltr'>et</span> <span class='ocrx_word' id='word_1_300' title='bbox 911 4425 1040 4509; x_wconf 84' lang='lat' dir='ltr'>pacifice</span> <span class='ocrx_word' id='word_1_301' title='bbox 1056 4425 1216 4498; x_wconf 87' lang='lat' dir='ltr'>obtinetis,</span> <span class='ocrx_word' id='word_1_302' title='bbox 1234 4426 1320 4489; x_wconf 90' lang='lat' dir='ltr'>uobis</span> <span class='ocrx_word' id='word_1_303' title='bbox 1338 4432 1369 4488; x_wconf 85' lang='lat' dir='ltr'>et</span> <span class='ocrx_word' id='word_1_304' title='bbox 1384 4445 1446 4509; x_wconf 89' lang='lat' dir='ltr'>per</span> 
     </span>
     <span class='ocr_line' id='line_1_37' title="bbox 238 4532 1445 4618; baseline -0.003 -16"><span class='ocrx_word' id='word_1_305' title='bbox 238 4559 293 4602; x_wconf 91' lang='lat' dir='ltr'>uos</span> <span class='ocrx_word' id='word_1_306' title='bbox 309 4536 407 4600; x_wconf 87' lang='lat' dir='ltr'>eidem</span> <span class='ocrx_word' id='word_1_307' title='bbox 424 4537 606 4601; x_wconf 87' lang='lat' dir='ltr'>Monasterio</span> <span class='ocrx_word' id='word_1_308' title='bbox 620 4536 799 4601; x_wconf 86' lang='lat' dir='ltr'>auctoritate</span> <span class='ocrx_word' id='word_1_309' title='bbox 816 4533 983 4618; x_wconf 90' lang='lat' dir='ltr'>apostolica</span> <span class='ocrx_word' id='word_1_310' title='bbox 1000 4532 1208 4598; x_wconf 83' lang='lat' dir='ltr'>confirmamus</span> <span class='ocrx_word' id='word_1_311' title='bbox 1225 4539 1256 4596; x_wconf 87' lang='lat' dir='ltr'>et</span> <span class='ocrx_word' id='word_1_312' title='bbox 1285 4535 1445 4618; x_wconf 81' lang='lat' dir='ltr'>preseut&#39;s</span> 
     </span>
     <span class='ocr_line' id='line_1_38' title="bbox 238 4638 1446 4730; baseline -0.003 -21"><span class='ocrx_word' id='word_1_313' title='bbox 238 4645 343 4730; x_wconf 88' lang='lat' dir='ltr'>scripti</span> <span class='ocrx_word' id='word_1_314' title='bbox 371 4645 539 4729; x_wconf 88' lang='lat' dir='ltr'>patrocinio</span> <span class='ocrx_word' id='word_1_315' title='bbox 561 4642 788 4709; x_wconf 89' lang='lat' dir='ltr'>communimus.</span> <span class='ocrx_word' id='word_1_316' title='bbox 827 4642 909 4706; x_wconf 94' lang='lat' dir='ltr'>Nulli</span> <span class='ocrx_word' id='word_1_317' title='bbox 930 4662 1005 4724; x_wconf 81' lang='lat' dir='ltr'>ergo</span> <span class='ocrx_word' id='word_1_318' title='bbox 1033 4643 1152 4705; x_wconf 90' lang='lat' dir='ltr'>omnino</span> <span class='ocrx_word' id='word_1_319' title='bbox 1176 4638 1327 4705; x_wconf 90' lang='lat' dir='ltr'>bominum</span> <span class='ocrx_word' id='word_1_320' title='bbox 1349 4640 1446 4709; x_wconf 83' lang='lat' dir='ltr'>liceat</span> 
     </span>
    </p>
   </div>
   <div class='ocr_carea' id='block_1_8' title="bbox 0 0 1609 5342">
    <p class='ocr_par' dir='ltr' id='par_1_8' title="bbox 0 0 1609 5342">
     <span class='ocr_line' id='line_1_39' title="bbox 0 0 1609 5342; baseline 0 0"><span class='ocrx_word' id='word_1_321' title='bbox 0 0 1609 5342; x_wconf 95' lang='lat' dir='ltr'> </span> 
     </span>
    </p>
   </div>
  </div>
 </body>
</html>
