3192 5342
285 502 362 574 316

283 670 393 737 chom
408 671 495 742 sites,
524 688 598 754 quos
615 671 645 733 in
667 669 872 751 resignatione
894 667 1018 733 abbacie
1039 676 1141 734 nostra
1157 669 1391 753 comparanimus
1408 687 1466 752 pro

278 779 438 844 Trecentis
465 778 629 860 Sexaginta
650 784 681 843 et
709 777 807 842 medio
834 778 954 843 talentis
978 797 1014 842 ac
1041 778 1147 861 viginti
1174 781 1300 862 quatuor
1325 776 1469 849 denariis,

279 887 408 951 Eosdem
425 887 561 951 redditus
578 892 609 951 et
624 886 700 951 bona
718 907 784 951 oum
801 887 936 952 omnibus
953 886 1016 950 suls
1033 887 1248 971 pertinenciis,
1271 888 1364 972 pratis
1380 884 1469 951 ride·

279 996 352 1061 licet
364 994 469 1060 etaliis
485 994 734 1081 quibuscumque,
750 998 830 1060 sicut
844 998 874 1059 in
892 995 1029 1079 originali
1039 997 1198 1081 emptionis
1210 997 1308 1060 littera
1325 1015 1471 1079 expresse

278 1105 318 1170 de
334 1104 427 1169 uerbo
455 1105 490 1168 ad
507 1105 632 1170 uerbum
648 1105 856 1178 continentur,
886 1106 1009 1169 Domino
1028 1105 1217 1172 Cbolmonno
1240 1103 1339 1169 abbati
1361 1104 1469 1168 ldona·

279 1214 366 1279 sterii
380 1221 490 1280 sancte
503 1215 611 1280 omnis
622 1215 652 1277 in
663 1214 786 1280 11111νί1
799 1214 1002 1280 Patauiensis
1017 1213 1156 1298 dyocesis
1171 1232 1285 1300 suoque
1296 1212 1470 1278 Conuentus

280 1328 428 1410 perpetuo
455 1323 634 1407 possidenda
661 1323 863 1395 vendidimus,
897 1323 1033 1389 dedimus
1057 1331 1088 1389 et
1111 1323 1290 1390 contulimus
1318 1323 1414 1387 libere
1437 1329 1471 1387 et

280 1432 370 1517 pleno
388 1434 454 1497 iure
471 1452 525 1517 pro
541 1432 645 1497 eadem
662 1451 774 1497 summa
789 1432 927 1516 pecunie.
945 1431 1085 1498 videlieet
1096 1432 1247 1498 Trecenta
1263 1432 1425 1516 Sexaginta
1438 1436 1473 1495 et

280 1540 408 1606 medium
424 1541 567 1605 talentum
583 1561 619 1606 ae
635 1541 739 1625 viginti
755 1548 883 1628 quatuor
899 1540 1089 1606 denariorum
1107 1543 1332 1614 wiennensium
1349 1541 1394 1604 lle
1410 1560 1470 1628 qua

281 1652 409 1736 pecunia
432 1651 521 1736 plene
543 1656 574 1715 et
597 1649 788 1732 integraliter
808 1670 910 1715 snmus
936 1651 1119 1735 presentium
1135 1650 1306 1715 testimonio
1323 1649 1467 1734 expediti.

281 1761 384 1825 Omnia
401 1767 499 1825 autern
522 1756 580 1823 alia
602 1758 694 1833 bona,
723 1759 859 1824 clenodia
882 1765 914 1824 et
934 1779 1120 1847 quecumque
1136 1759 1210 1833 alia,
1238 1779 1297 1845 que
1312 1759 1350 1824 de
1365 1762 1470 1823 nosue

281 1870 462 1935 blonasterio
487 1868 524 1934 ad
547 1869 700 1935 Sanctum
722 1850 852 1934 01111111
874 1870 1113 1954 apportauimns,
1137 1869 1174 1934 ad
1190 1871 1338 1951 integrum
1353 1868 1471 1953 plenis·

279 1980 355 2045 sime
370 1979 407 2043 ad
424 1978 536 2044 dicturo
553 1982 686 2041 nostrum
703 1978 914 2042 monasterium
930 1978 1159 2063 reporteuimus.
1188 1978 1234 2043 lle
1250 1977 1357 2063 qulbus
1372 1977 1471 2042 omni·

279 2088 336 2152 bue
358 2093 388 2152 et
416 2087 544 2170 singulis
567 2087 781 2172 suprascriptis
797 2107 854 2151 nee
878 2107 948 2159 nos.
972 2108 1028 2153 neo
1051 2089 1165 2173 posteri
1193 2088 1287 2152 nostri
1313 2087 1469 2173 predictos

280 2196 417 2262 dominos
434 2196 551 2263 Sancte
568 2197 677 2263 Crucis
696 2198 882 2279 impugnare,
900 2216 954 2261 sen
970 2196 1115 2282 impetere
1131 2196 1235 2281 quouis
1250 2195 1337 2261 modo
1354 2197 1470 2281 impos-

279 2310 377 2371 terum
393 2325 550 2390 possumus
572 2326 628 2369 nec
650 2304 807 2370 debemus.
833 2305 870 2369 Vt
893 2312 990 2371 autern
1018 2304 1076 2369 bec
1103 2307 1199 2370 omnia
1215 2314 1471 2391 supramemorata

278 2414 453 2479 inconuulsa
470 2420 501 2479 et
515 2419 663 2499 perpetue
687 2413 802 2480 illibate
817 2418 1029 2499 permaneant,
1055 2413 1157 2478 damus
1175 2415 1220 2480 eis
1236 2419 1397 2498 presentes
1415 2414 1469 2480 lit-

278 2529 360 2589 teras
380 2524 411 2587 in
433 2523 557 2589 euidens
579 2523 783 2588 testimonium
806 2523 935 2589 omniurn
962 2524 1192 2607 premissorum,
1220 2523 1332 2589 nostris
1355 2523 1470 2608 sigillis

278 2632 518 2717 dependentibus
542 2633 626 2698 lirino
643 2634 754 2698 robore
770 2634 977 2699 commonitas.
1012 2634 1085 2698 dcta
1102 2640 1172 2699 sunt
1186 2633 1243 2700 ben
1258 2633 1289 2697 iu
1307 2632 1387 2698 dioto
1403 2632 1470 2697 blo·

277 2744 409 2809 nasterio
425 2743 544 2810 Sancte
560 2742 671 2808 0111111
687 2745 771 2807 buno
793 2742 904 2808 domini
919 2739 1077 2807 blillesimo
1093 2743 1319 2809 Trecentesimo
1335 2742 1472 2829 Septua-

278 2853 394 2938 gesimo
410 2854 547 2937 septimo,
564 2851 613 2915 die
629 2850 710 2916 beati
728 2851 883 2916 Vincencii
900 2852 1037 2935 martyris
1052 2849 1188 2935 gloriosi.

352 2976 467 3049 original
482 2975 529 3033 ant
538 2977 693 3047 pergament
704 2977 751 3033 mit
764 2977 849 3032 einern
863 2975 962 3049 Siegel,
981 2975 1023 3031 ein
1035 2975 1139 3033 sweitea
1152 2976 1227 3032 lente

740 3175 978 3258 ccbxxxss.

278 3303 355 3377 tell,
373 3304 399 3364 1.
412 3302 496 3365 lin.
515 3335 552 3345 -
564 3304 870 3375 seraranan-Revera
887 3302 940 3358 der
952 3304 1031 3359 Fruar
1042 3304 1134 3374 Agnes
1155 3320 1211 3359 eon
1223 3302 1346 3370 Klenn,
1372 3304 1473 3361 Horres

416 3396 515 3453 Hasna
526 3395 745 3467 enumerantem
762 3395 870 3459 Witsce,
884 3396 943 3468 aas
953 3394 1000 3451 die
1012 3394 1093 3450 Abtci
1106 3393 1334 3465 Heiligerskrercs

369 3524 421 3590 leb
432 3525 536 3614 Agnes
548 3527 579 3591 di
592 3524 834 3598 Cblcmmerinn,
851 3523 927 3590 bern
941 3527 1072 3591 Hermen
1088 3525 1142 3590 des
1154 3525 1335 3616 Senberper
1351 3526 1471 3612 seligen

279 3633 363 3699 witib
379 3635 437 3699 snd
453 3635 511 3700 alle
526 3637 604 3700 mein
620 3635 715 3701 orben
730 3635 872 3700 verieben
889 3633 1028 3700 offenlicb
1045 3655 1081 3699 an
1098 3636 1214 3701 diesem
1230 3636 1307 3711 brit,
1336 3637 1400 3701 Dan
1416 3636 1468 3703 icb

280 3763 337 3809 ron
353 3743 481 3806 meinent
497 3742 567 3817 bol,
594 3744 653 3809 den
667 3744 717 3810 icb
733 3743 896 3828 gecbawfil
910 3744 969 3807 han
985 3764 1041 3810 ron
1057 3744 1113 3809 der
1128 3747 1266 3813 Ριῖνίνιη
1278 3747 1339 3812 vnd
1354 3746 1395 3812 ist
1411 3766 1469 3831 ge·
1531 3810 1535 3817 .

278 3853 367 3936 legen
386 3871 422 3915 ae
440 3852 700 3938 Gsrmdrcmstorf
708 3855 739 3916 in
754 3853 823 3918 dem
839 3854 988 3928 winckel,
1016 3852 1074 3918 alle
1090 3855 1135 3917 iar
1151 3856 1273 3921 rainben
1289 3854 1349 3920 sud
1366 3855 1470 3939 geben

281 3962 327 4026 sol
344 3960 404 4026 den
427 3961 535 4026 erbern
560 3961 750 4047 geyslliolren
773 3962 869 4027 Herrn
892 3966 942 4047 apt
967 3963 1140 4030 Gbolruonn
1161 3963 1220 4028 rnd
1243 3963 1311 4029 dem
1333 3964 1471 4030 0111111

280 4072 398 4155 gemala
420 4071 487 4136 dats
510 4071 578 4136 dem
595 4071 742 4161 beyligen
759 4072 907 4139 Cbrciwte
923 4091 958 4136 ne
974 4073 1071 4137 einem
1087 4071 1212 4137 reobten
1227 4073 1415 4159 purcbrecbt
1431 4095 1468 4138 an

280 4181 353 4245 send
370 4179 499 4245 bliobels
519 4186 571 4263 tag
592 4179 678 4245 siben
694 4181 836 4266 scbilling
857 4181 991 4246 wienner
1007 4180 1159 4266 pbenning
1173 4181 1232 4247 snd
1248 4183 1369 4267 verpint
1383 4183 1470 4249 awob

280 4289 359 4354 micb
371 4289 431 4352 snd
442 4290 521 4353 mein
538 4289 643 4363 erben,
656 4291 715 4356 alle
731 4291 867 4375 rodrung
883 4291 981 4356 deuon
994 4311 1030 4355 ae
1046 4291 1212 4373 gebennis
1230 4292 1278 4356 ein
1294 4290 1406 4356 andern
1422 4299 1469 4359 tut

280 4419 336 4463 son
353 4397 397 4461 als
413 4398 451 4462 ril
468 4399 661 4481 purcbrecbt.
676 4400 741 4466 Vnd
755 4422 840 4465 uann
857 4401 905 4466 lob
919 4402 948 4463 in
962 4401 1019 4465 den
1036 4399 1137 4464 diensi
1147 4422 1183 4465 ze
1198 4402 1321 4466 recbter
1333 4401 1411 4475 zeii,
1424 4402 1469 4467 als

282 4526 336 4571 vor
351 4505 533 4589 gesnbriben
550 4513 621 4581 stet,
640 4509 723 4576 nicbt
738 4509 817 4593 gab,
845 4510 887 4574 So
904 4509 1001 4575 suiten
1019 4530 1053 4573 se
1070 4510 1132 4574 arri
1144 4509 1212 4575 dem
1229 4517 1397 4593 egenauten
1415 4512 1473 4576 boi

281 4615 405 4680 darumb
422 4616 589 4700 plrennten,
617 4618 660 4681 als
677 4619 877 4702 purcbreehts
893 4620 980 4685 recbt
1003 4620 1043 4684 ist
1069 4641 1104 4684 an
1121 4620 1181 4685 alle
1198 4619 1293 4684 wider
1309 4620 1374 4684 red.
1401 4620 1468 4686 Vnd

279 4744 366 4788 wann
386 4725 436 4788 ieb
460 4730 644 4809 vorgenante
667 4728 771 4815 Agnes
797 4727 846 4793 die
869 4729 1102 4796 Oblummerinn
1118 4730 1201 4795 nicbt
1216 4748 1329 4814 aygens
1344 4730 1467 4813 lnsigel
