3192 5342
802 729 921 812 cciv.

271 875 349 948 1³50,
366 875 411 935 dd.
424 876 502 949 dui,
518 874 605 935 1101.
618 905 654 917 ·-
666 875 726 932 Der·
740 873 901 950 propendens
913 874 1161 948 &mentuunt
1180 877 1277 934 (iride
1296 876 1461 951 ὀωψαρί

271 967 327 1022 dero
346 966 470 1039 Bisetuf
483 984 539 1022 non
559 968 684 1032 Pom,
702 966 754 1023 der
764 967 847 1022 Ares
858 965 1078 1038 emacem
1092 967 1173 1025 decr
1188 969 1269 1026 edre
1284 966 1401 1043 ansuino
1413 968 1461 1025 die

271 1057 377 1130 Psorre
384 1058 480 1115 Alanoi
487 1075 525 1114 on
536 1058 743 1133 incerporirrrr,
753 1075 835 1115 muro
842 1058 891 1115 die
900 1058 1095 1131 meseonem
1107 1058 1259 1116 Uorstdudc
1266 1058 1325 1115 ried
1335 1058 1460 1116 imnis*

819 1149 920 1208 deiten.

364 1280 466 1345 Guido
488 1280 680 1346 miseratione
703 1279 803 1348 diuina
826 1280 905 1347 tituli
929 1286 1036 1347 sancte
1050 1280 1166 1347 cecilie
1195 1281 1352 1347 Preediter
1384 1279 1460 1345 Car-

271 1388 392 1463 dinalis,
409 1389 577 1473 apostolice
592 1389 677 1456 eedie
692 1392 826 1476 isegatrn
845 1441 852 1457 .
889 1440 897 1456 .
916 1390 1093 1458 Venerabili
1108 1392 1138 1456 in
1155 1391 1273 1458 christo
1289 1391 1371 1457 Patri
1389 1440 1398 1456 .
1434 1439 1443 1454 .

274 1500 427 1584 Episcopo
443 1500 632 1566 Potcumnss'
651 1498 786 1566 Salutem
808 1503 838 1565 io
855 1501 986 1566 domiuo.
1022 1501 1121 1585 Digne
1148 1501 1318 1585 peticiones
1338 1499 1406 1566 illas
1423 1501 1461 1566 ad

272 1609 405 1692 graciam
421 1608 619 1673 exauditionis
636 1608 828 1683 admittimus,
856 1630 913 1695 per
928 1629 1002 1695 qnae
1017 1611 1219 1677 eeclesiarum
1233 1616 1267 1674 et
1279 1610 1463 1675 monasteri·

273 1738 357 1785 erum
373 1717 492 1784 utilitati
504 1718 673 1784 consulitur
687 1726 719 1784 et
734 1739 929 1803 personarum
941 1718 1173 1786 uencsdtatibus
1189 1718 1376 1786 subuenitur.
1400 1718 1462 1784 Ex-

273 1826 368 1894 hibita
381 1828 529 1913 siquidem
544 1827 631 1893 nobis
646 1829 824 1895 dilectorum
839 1831 870 1893 in
885 1829 1001 1894 christo
1020 1876 1028 1893 .
1045 1875 1055 1893 .
1071 1880 1079 1895 .
1101 1827 1226 1896 distatis
1248 1833 1280 1893 et
1295 1833 1465 1898 conuentus

272 1937 445 2004 munusturi
459 1940 578 2006 Sancte
585 1939 704 2014 Creoni,
720 1938 835 2006 ordinis
844 1938 1056 2006 cisterciensis
1070 1939 1379 2008 reetroPotoaoicnrs'o
1393 1938 1463 2004 dio·

273 2048 354 2114 cesis
369 2048 474 2133 petitio
487 2050 669 2122 continebat,
685 2049 901 2134 condirentur,
919 2048 1056 2114 redditus
1067 2053 1098 2113 ot
1110 2054 1276 2134 prouentus
1288 2050 1465 2115 monasterii

273 2158 406 2242 ipsorum
419 2157 549 2241 predicti
570 2163 641 2223 sunt
664 2160 739 2223 adeo
758 2165 866 2224 tunes
879 2163 914 2224 et
927 2158 1041 2232 odies.
1069 2159 1150 2243 quod
1163 2157 1202 2223 ad
1213 2159 1466 2226 sustentationem

274 2287 436 2352 pauperum
449 2274 480 2332 et
496 2267 620 2332 aliorum
635 2267 740 2334 christi
755 2267 886 2335 idedun
903 2268 1017 2334 ibidum
1031 2267 1280 2334 concurrendum
1294 2268 1465 2334 nuliatenus

274 2376 416 2443 sufficere
432 2377 646 2451 dinoscuntur,
672 2378 814 2465 quodque
830 2427 839 2445 .
875 2428 883 2444 .
902 2377 1003 2443 soors
1028 2378 1095 2462 ipse
1111 2397 1148 2442 ex
1164 2376 1282 2442 eisdem
1298 2376 1466 2442 secuudum

274 2487 322 2551 sui
337 2491 432 2552 statue
448 2487 683 2553 eondeeenciam
708 2488 813 2573 nequit
827 2488 957 2554 comode
970 2486 1134 2553 sustentari
1149 2489 1182 2552 et
1197 2485 1255 2550 aiia
1270 2484 1329 2551 stoi
1343 2486 1464 2552 incum-

274 2594 378 2660 bentia
394 2615 485 2662 onerr
500 2601 689 2681 supportare.
725 2598 826 2682 Quare
840 2596 929 2666 rolris
945 2595 1099 2664 humiliter
1114 2595 1337 2680 supplicarunt,
1353 2601 1387 2660 ut
1399 2595 1466 2659 eis·

273 2705 343 2770 dem
353 2705 385 2770 in
400 2704 457 2770 hau
472 2711 558 2790 parte
569 2711 696 2791 paterno
711 2708 934 2793 compacientee
947 2706 1055 2773 affectu
1065 2703 1227 2791 prouidere
1241 2724 1336 2790 super
1351 2704 1409 2769 hoc
1425 2704 1466 2769 de

274 2823 421 2901 oportuno
437 2814 572 2882 remedio
583 2816 820 2884 misericorditer
834 2816 1028 2902 dignaremur
1039 2820 1070 2881 et
1080 2812 1283 2899 parochialem
1300 2812 1464 2882 eeclesiam

275 2926 380 2992 Sancti
403 2925 531 3010 Georgii
558 2926 598 2992 de
625 2928 720 2996 onero
745 2929 828 2993 dicte
855 2922 1170 2994 oeconomorum
1198 2923 1399 2989 eorumdem.
1436 2971 1444 2988 .

275 3035 401 3102 notate
432 3041 465 3101 et
488 3035 659 3102 conuentus
691 3038 963 3123 praesentationem
986 3039 1192 3120 spectantem.
1224 3053 1294 3098 cum
1324 3031 1463 3098 omnihus

274 3145 389 3211 iuribus
413 3149 444 3210 et
463 3144 658 3231 pertinenciis
675 3148 738 3213 onie
753 3146 926 3214 eorumdem
952 3146 1133 3212 monasterio
1154 3140 1304 3229 prelibato
1324 3141 1411 3208 unire
1431 3148 1465 3206 et

275 3254 471 3339 innumerata
487 3275 523 3319 ae
533 3256 565 3318 in
578 3263 755 3341 perpetuum
766 3262 928 3322 annectere
943 3254 983 3319 de
994 3250 1123 3339 speciali
1137 3252 1242 3335 grecia
1258 3249 1464 3335 dignoremur.

275 3361 338 3427 Nos
352 3363 454 3449 itaque
465 3363 503 3428 de
516 3364 673 3447 predictis,
691 3371 723 3431 ut
737 3367 888 3440 conuenit.
904 3363 1045 3432 nodotum
1057 3383 1115 3430 non
1126 3359 1273 3428 habentes
1288 3359 1465 3446 paternitati

277 3477 395 3546 unaue,
419 3471 458 3536 de
473 3493 531 3559 qua
547 3475 578 3539 in
594 3476 654 3540 hiis
669 3482 701 3542 et
715 3476 784 3543 aliis
798 3474 939 3541 concion
954 3475 1089 3558 gerimus
1102 3471 1134 3537 in
1149 3468 1270 3538 domiuo
1284 3467 1464 3555 specialem,

275 3581 464 3657 auctoritate,
472 3583 697 3669 qnaiungimsn
710 3584 1011 3672 tenorepreseneium
1017 3580 1230 3648 committimus
1239 3578 1462 3652 etmaudamus.

275 3690 413 3778 quatinus
429 3692 467 3756 de
483 3691 629 3778 predictis
650 3694 814 3780 diiigenter
827 3694 1032 3782 munientes,
1060 3693 1086 3755 si
1108 3688 1303 3760 inueneritis,
1324 3686 1463 3771 predicta

276 3802 403 3865 ueritate
418 3800 518 3867 ioioiri
533 3808 565 3868 et
579 3804 672 3870 Vobis
695 3805 859 3891 expediens
874 3803 1028 3873 uideatur,
1053 3819 1146 3886 super
1161 3818 1220 3883 quo
1235 3803 1367 3866 uestram
1384 3816 1462 3861 con·

274 3909 431 3975 mendam
453 3931 630 3987 oneramus,
657 3914 816 3980 ecclesiam
841 3916 938 3999 ipsam
961 3910 1064 3978 Sancti
1086 3906 1214 3990 Georgii
1233 3926 1299 3973 cum
1323 3904 1464 3971 ommino

274 4018 391 4085 iuribus
420 4025 452 4086 et
466 4022 663 4107 pertinenciis
686 4024 748 4089 suis
772 4043 876 4088 eorum
900 4020 1081 4088 monasterio
1108 4021 1272 4083 memorato
1300 4016 1402 4090 rnire.
1430 4018 1464 4079 et

273 4129 468 4215 incorporare
483 4151 520 4195 ac
536 4133 565 4196 in
581 4138 762 4220 perpetuum
783 4137 946 4200 annectere
961 4126 1131 4218 procuretis
1146 4128 1210 4198 Ita.
1237 4124 1317 4214 quod
1333 4123 1463 4189 cedente

273 4237 323 4305 uel
353 4239 522 4306 decedente
542 4248 662 4309 rectore
684 4242 816 4309 ecclesie
839 4240 944 4307 Sancti
976 4240 1117 4324 Georgii,
1149 4235 1200 4323 qui
1219 4255 1299 4301 nuno
1319 4238 1382 4308 est.
1413 4227 1464 4294 ¹¹01

274 4349 404 4416 ecclesia
418 4348 486 4435 ipsa
501 4372 688 4440 quocumque
702 4353 758 4417 aiio
772 4350 861 4416 modo
877 4354 1004 4416 uacaute
1019 4351 1110 4415 licent
1125 4348 1171 4412 eis
1187 4351 1219 4411 et
1233 4343 1464 4410 successoribus

275 4458 353 4532 suis,
381 4458 432 4544 qui
452 4479 508 4545 pro
530 4466 666 4547 tempore
687 4462 815 4532 inerint,
842 4460 1009 4546 predictam
1031 4457 1199 4526 Ecclesiam
1220 4455 1318 4518 sancti
1333 4450 1462 4539 Georgii

275 4587 341 4631 cum
357 4567 471 4634 iuribus
488 4575 520 4635 et
533 4570 729 4656 pertinenciis
751 4572 816 4636 unis
833 4576 865 4636 et
880 4569 1068 4656 corporalem
1084 4564 1309 4653 possessionem
1325 4563 1462 4628 eiusdem

275 4676 452 4758 ingredire
476 4681 566 4748 etiem
593 4678 690 4746 libere
716 4678 926 4765 eprehendere
955 4687 988 4746 et
1013 4687 1135 4756 tenere,
1162 4678 1317 4766 ipsiusque
1344 4677 1463 4743 tructus
