3192 5342
1279 534 1330 607 ta

130 709 267 776 comodis
285 712 318 773 et
333 708 520 793 profectibus
543 707 574 771 in
598 707 728 788 uigitare
752 704 932 777 debeamus,
956 706 1128 770 Honorabili
1145 707 1329 775 blonasterio

127 827 241 886 conde
253 819 367 885 Crocia
383 817 421 881 dc
438 817 572 889 amrin,
589 814 627 879 ob
640 814 784 899 specialis
797 814 973 880 deuotionis
989 815 1138 888 affectum,
1156 837 1243 901 quam
1255 840 1328 903 erga

128 929 226 1013 ipsum
257 925 471 991 Monasterium
496 925 631 1007 gerimus
659 928 691 988 et
717 923 882 995 habemus,
911 922 1045 1007 quadiu
1073 924 1208 1008 partibus
1232 928 1329 1010 Regni

129 1038 222 1101 nostri
247 1057 305 1121 per
328 1054 433 1099 sacros
456 1034 668 1118 progenitores
691 1039 810 1096 nostros
826 1031 959 1095 felicium
983 1032 1233 1098 recordacionem
1250 1058 1328 1102 con·

130 1145 335 1228 templacione
357 1142 449 1206 diuini
472 1143 599 1205 nominis
621 1148 669 1206 est
685 1140 850 1204 honorilice
866 1139 1024 1203 uberrimis
1041 1140 1218 1206 decoratum
1234 1143 1328 1208 dona·

128 1254 196 1319 tiuis
222 1258 256 1318 et
281 1253 430 1322 dotatum,
459 1269 495 1313 ae
511 1248 618 1313 Abbati
636 1254 668 1312 et
683 1248 830 1313 fratribus
857 1251 886 1311 ln
903 1248 1010 1311 eodem
1027 1247 1085 1312 deo
1102 1248 1213 1331 iugiter
1230 1251 1327 1316 famu·

128 1362 259 1427 lantibus
276 1365 308 1424 et
325 1359 450 1431 deuote,
473 1358 529 1421 has
546 1361 665 1441 gracias
688 1364 719 1421 et
745 1355 904 1421 libertates
921 1356 1072 1430 fecimus,
1098 1357 1275 1424 donabimus
1298 1364 1329 1425 et

128 1471 336 1535 concessimus
353 1467 527 1551 speciales,
566 1466 645 1550 quod
667 1465 757 1530 Curie
779 1464 875 1549 ipsius
891 1464 1068 1529 lllonasterii
1090 1474 1200 1531 sande
1218 1470 1328 1535 Cmcis

126 1600 181 1642 rna
193 1577 342 1643 uidelicet
358 1577 387 1638 iu
400 1576 535 1641 Paeonio
551 1577 628 1638 intra
646 1594 746 1637 maros
762 1573 858 1657 ipsius
871 1571 1017 1646 Ciuitatis,
1035 1574 1138 1647 altera,
1154 1595 1213 1660 que
1230 1577 1328 1643 Curia

125 1687 222 1773 Regis
239 1684 411 1769 appellatur
427 1685 508 1748 cirea
524 1703 630 1767 aquam
647 1683 772 1769 bytho,
799 1681 910 1745 Tereia
939 1702 1054 1748 nouum
1066 1684 1217 1770 predium
1245 1685 1325 1750 dieta

124 1802 153 1858 et
169 1793 228 1859 alio
246 1794 367 1857 nomine
382 1794 584 1881 Newneppcn
600 1798 706 1856 uocata
719 1792 803 1873 juxta
820 1790 916 1854 laeum
932 1791 1071 1855 Fertbeu
1093 1795 1270 1866 existentes,
1288 1815 1324 1858 ae

124 1903 190 1967 nilla
208 1903 338 1989 eynden
355 1906 459 1965 vocata
474 1902 557 1982 juxta
571 1900 699 1964 eundem
712 1898 810 1964 lacum
819 1897 958 1964 Fertdeu
974 1899 1032 1963 sita
1048 1897 1085 1963 ab
1098 1902 1177 1964 omni
1194 1901 1280 1966 dacia
1295 1908 1327 1966 et

126 2009 255 2075 collecta
268 2016 372 2074 stenra
386 2008 623 2080 contribucioue,
640 2005 807 2077 solucione,
821 2027 875 2069 scu
888 2006 1050 2071 exaccione
1061 2009 1194 2093 qualibet
1207 2012 1326 2075 nomine

124 2122 208 2202 regio
227 2117 389 2199 exigenda,
406 2118 453 2182 rel
470 2115 639 2188 Ciuitatum,
657 2135 712 2180 seu
729 2113 930 2201 quorumlibet
947 2122 1117 2179 exactorum
1135 2122 1184 2180 ant
1201 2120 1326 2200 exigere

125 2227 291 2292 nolentium
308 2226 405 2291 libere
421 2228 481 2289 sint
498 2232 528 2289 et
543 2227 663 2309 penitus
680 2229 818 2307 exempta
836 2228 866 2286 et
883 2222 1020 2288 absolute
1037 2224 1212 2291 habeantur.
1244 2228 1323 2294 item

122 2337 271 2408 uolumus,
289 2335 369 2419 quod
385 2334 459 2399 dieti
477 2334 587 2398 iratres
603 2333 780 2397 ltlonasterii
796 2338 910 2398 ennete
926 2334 1038 2398 Crocia
1054 2335 1123 2396 rina
1140 2354 1205 2407 sna,
1222 2333 1321 2409 blada,

123 2465 174 2507 seu
187 2445 306 2525 fruges,
323 2449 485 2527 ceteraque
494 2442 688 2515 ltlonasterio,
704 2441 991 2525 ipsorumacrsibus
1003 2440 1165 2505 eorundem
1180 2460 1324 2506 neeessa-

121 2552 163 2615 ria
176 2552 274 2615 libere
287 2558 317 2615 et
328 2551 443 2635 absque
460 2550 538 2614 omui
554 2549 719 2614 exaccione
735 2548 885 2612 Mutarunr
899 2569 953 2613 seu
970 2549 1178 2613 theloneorum
1196 2570 1232 2614 ac
1248 2551 1320 2615 Tri·

121 2660 260 2725 buiorum
286 2660 362 2745 ipsis
378 2661 409 2723 in
432 2678 527 2741 regno
544 2662 649 2722 nostro
666 2658 851 2744 Euagorae,
879 2656 926 2721 rel
944 2656 1015 2722 alibl
1034 2657 1250 2742 prouenieneia
1266 2680 1323 2744 per

122 2788 227 2832 omnes
243 2774 349 2851 partes
366 2768 453 2848 regni
470 2766 566 2830 nostri
583 2765 695 2829 deuehi
721 2766 833 2828 faciant
860 2785 914 2828 sea
943 2766 1072 2838 deduci,
1094 2774 1153 2828 tam
1178 2767 1209 2830 in
1232 2769 1322 2832 terris

121 2897 206 2960 quam
223 2878 254 2939 in
272 2878 369 2962 aquis.
403 2876 547 2940 Ceterum
563 2873 594 2936 in
610 2871 747 2937 omnibns
764 2871 962 2946 ciuitatibus,
985 2876 1070 2947 foris,
1089 2875 1169 2940 villis
1186 2875 1324 2961 locisque

121 2985 271 3049 uniuersis
288 3005 348 3069 per
365 2983 504 3048 ambitum
527 2983 614 3064 regni
636 2982 731 3046 nostri
756 2982 929 3046 constitutis
946 3002 1001 3066 per
1018 2982 1165 3048 officiales
1181 3005 1236 3049 seu
1253 3006 1322 3049 ser·

125 3096 238 3157 uitnres
255 3098 377 3157 nostros
395 3096 446 3156 aut
460 3092 585 3156 aliorum
602 3109 876 3176 quorumcumque,
905 3110 1095 3177 quocumque
1112 3094 1230 3157 nomine
1247 3112 1322 3157 een·

123 3208 246 3266 senatur
263 3200 302 3264 de
320 3221 442 3265 numero
459 3199 505 3263 uel
523 3219 661 3262 mensura
680 3216 778 3262 rerum
795 3218 916 3262 suarum
933 3198 1014 3262 nullo
1032 3200 1164 3281 ingenio,
1182 3200 1323 3286 nullaque

122 3312 286 3374 occasione
295 3309 393 3383 artati,
404 3307 586 3391 deponendi,
603 3306 733 3378 locandi,
750 3306 908 3379 uendendi,
923 3327 959 3370 ac
972 3307 1046 3371 alias
1058 3304 1251 3373 utilitatesde
1261 3312 1323 3373 eis·

123 3416 189 3481 dem
203 3415 369 3482 exercendi
381 3422 412 3480 et
425 3415 593 3488 ordinandi,
606 3415 732 3479 liberam
742 3415 873 3478 babeant
882 3418 1028 3499 perpetuo
1039 3417 1220 3481 facultatem.
1247 3418 1321 3481 Pre-

123 3538 211 3593 teren
227 3546 264 3589 ex
281 3525 439 3589 affluencia
452 3525 557 3606 gracie
573 3524 686 3606 regalis
704 3522 794 3588 dictis
807 3522 952 3587 fratribus
970 3524 1104 3589 duximus
1121 3525 1321 3599 annuendum,

126 3635 203 3720 quod
234 3634 317 3697 nulla
341 3653 471 3718 persona
500 3633 717 3715 cuiuscumque
744 3631 901 3715 dignitatis
931 3637 1026 3695 status
1056 3638 1106 3696 aut
1134 3633 1323 3698 condicionis

125 3745 248 3814 existat,
274 3740 438 3825 quemlibet
453 3739 490 3804 ad
507 3739 613 3803 domos
629 3742 764 3823 ipsorum
789 3760 845 3804 seu
862 3739 981 3813 Curias,
999 3739 1135 3826 aliasque
1151 3743 1323 3824 possessio·

125 3873 179 3916 nes
191 3870 380 3937 quacumque
392 3849 431 3913 de
444 3869 532 3913 eausa
546 3869 603 3932 spe
617 3847 802 3912 defensionis
815 3850 1028 3930 confugentem
1041 3849 1195 3934 excipere,
1211 3869 1322 3934 capere

124 3960 171 4023 rel
190 3959 278 4021 aliam
306 3976 514 4042 quamcunque
542 3955 678 4019 iniuriam
701 3956 815 4019 inferre
832 3956 941 4020 audeat
956 3955 1005 4019 uel
1022 3963 1190 4041 presumat;
1219 3962 1250 4020 et
1264 3956 1324 4021 boe

124 4067 270 4151 precipue
287 4067 317 4128 in
334 4064 424 4129 Curia
440 4066 575 4148 ipsorum
591 4063 716 4129 fratrum
734 4065 924 4130 Paeonienac'
936 4064 1071 4128 volumus
1088 4069 1120 4128 et
1135 4066 1321 4149 precipimus

125 4174 250 4238 tirmiter
266 4173 437 4237 obseruari.
477 4172 555 4236 item
571 4171 746 4243 statuimus,
774 4172 853 4257 quod
878 4172 903 4234 si
928 4171 1037 4256 aliquis
1060 4172 1247 4245 colonorum,
1272 4174 1322 4237 uel

127 4283 293 4354 bominum,
322 4290 371 4345 aut
395 4279 596 4362 Jobaginnum
621 4278 695 4342 dicti
711 4280 888 4343 Monasterii
910 4286 940 4341 et
962 4279 1087 4343 fratrum
1105 4282 1322 4367 cuiuscumque

126 4413 219 4457 canae
250 4386 298 4456 uel
327 4391 498 4455 nocumenti
526 4412 581 4454 seu
605 4388 768 4454 aediciouis
797 4393 936 4473 pretextu
963 4388 1054 4451 morti
1084 4386 1322 4463 adiudicaturus,

125 4501 240 4574 ludex,
264 4500 301 4563 ud
324 4520 413 4585 quem
435 4497 604 4562 huiusmodi
626 4517 758 4584 persone
772 4497 925 4561 ,ludicium
946 4496 1094 4579 pertinet,
1119 4497 1158 4560 de
1174 4497 1238 4561 sola
1256 4500 1323 4563 eius

125 4628 255 4693 persona
281 4607 394 4672 habeat
419 4605 570 4671 indicandi
599 4610 796 4690 potestatem,
824 4605 915 4667 rebus
940 4612 971 4667 et
992 4603 1079 4667 bonis
1106 4604 1242 4668 ciusdem
1260 4610 1325 4670 vni·

128 4718 229 4779 uersis
250 4718 287 4781 ad
311 4736 415 4779 manns
432 4715 581 4779 dictorum
604 4715 729 4779 fratrum
746 4714 837 4797 plene
854 4712 1025 4787 deuolutis,
1054 4734 1090 4777 eo
1114 4713 1269 4777 declarato
1293 4721 1324 4777 et

157 4832 379 4880 renascamur.
397 4833 438 4878 aa.
456 4832 511 4877 rvr.
1088 4840 1104 4892 4
