3192 5342
789 764 941 842 CCXLl.

275 907 349 979 loll,
363 906 390 966 i.
403 909 523 981 August,
541 906 649 981 upote.
665 939 700 950 -
713 907 832 977 hadvis
844 907 937 979 Kenio
950 926 1005 965 aon
1021 909 1140 981 Unporn
1154 909 1284 978 datatim
1295 910 1463 983 oufBitten

275 1000 327 1055 dor
339 998 419 1054 Atrei
431 998 648 1070 Heilipcaltreua
655 986 723 1054 ¹eine
740 998 875 1055 Urltunde
892 998 943 1054 dee
953 998 1087 1073 Biaclofe
1098 1000 1239 1057 Nicotaus
1251 1017 1306 1055 uera
1317 1000 1400 1056 noco
1407 1000 1464 1072 fair

274 1088 393 1145 discolis
405 1089 436 1145 ia
448 1089 564 1162 Betreff
570 1088 620 1145 dea
632 1106 688 1145 coa
699 1087 762 1144 desa
777 1089 850 1147 oute
867 1089 1069 1164 Vopcldorfao
1081 1089 1463 1161 cnmicltmdenjdlrliclen

629 1179 733 1235 cemes
744 1197 801 1236 oon
813 1182 885 1236 πισοί
896 1181 983 1235 Mcrlt
995 1180 1098 1236 Sildcr.

362 1311 425 1375 Nos
437 1310 612 1376 Eodouicus
628 1307 677 1373 dei
688 1309 863 1393 graciaRex
874 1310 1040 1398 Hooporic
1051 1311 1196 1375 memorie
1206 1310 1462 1386 commendamus,

274 1420 370 1506 quod.
388 1420 456 1505 quin
471 1416 579 1483 Frater
597 1418 732 1486 Tlromos
747 1418 914 1484 Monachus
930 1419 1052 1485 claustri
1067 1427 1177 1486 sonae
1193 1421 1303 1487 Crucis
1318 1419 1462 1503 dyocesis

274 1528 474 1593 Palantenses
495 1526 607 1592 ordinis
627 1525 852 1610 cysterciensis
881 1529 912 1592 in
936 1528 1073 1612 personis
1094 1528 1314 1613 Religiosorum
1329 1528 1461 1596 virorum

272 1637 398 1702 fratrum
416 1635 600 1702 Ololoonaoi
620 1631 737 1698 abbatis
754 1635 911 1720 tociusque
927 1633 1100 1700 conuentus
1115 1635 1291 1701 Monasterii
1312 1634 1461 1702 iamdicti

274 1749 407 1809 nostrum
419 1743 523 1810 adiens
536 1747 728 1827 conspectum
740 1742 885 1828 quasdam
895 1743 1001 1808 literas
1016 1742 1086 1810 olim
1102 1743 1282 1809 venerahilis
1298 1746 1328 1809 in
1340 1744 1461 1812 Gloriam

273 1854 367 1938 patris
383 1852 494 1919 domini
506 1851 635 1919 Mertai
649 1853 784 1938 episcopi
793 1852 996 1919 Jaorioenat'e
1006 1853 1137 1937 predicti
1148 1859 1178 1919 et
1190 1855 1342 1920 autentico
1357 1854 1461 1939 sigillo

272 1981 327 2028 suo
344 1961 553 2043 consignatas,
575 1961 655 2026 inter
675 1968 776 2026 cetera
797 1962 829 2025 in
851 1980 886 2026 se
902 1961 1107 2034 conduentes,
1131 1961 1210 2048 qood
1226 1961 1305 2028 idem
1322 1962 1461 2028 dominus

272 2072 424 2137 Nicolaum
430 2070 599 2157 Episcopus
612 2070 761 2155 qrrondam
775 2071 861 2135 lmlri
873 2073 988 2142 Herae
1002 2069 1148 2153 Magistro
1158 2069 1248 2138 Curia
1263 2072 1340 2137 noui
1350 2072 1464 2159 predii

272 2200 328 2265 per
343 2178 482 2245 abbatem
497 2184 528 2244 et
542 2185 720 2245 conuentum
742 2179 853 2263 prefati
867 2177 1043 2243 Monasterii
1059 2184 1129 2244 tunc
1145 2181 1308 2245 constituto
1325 2199 1381 2265 pro
1397 2181 1462 2244 suis

272 2288 413 2354 seruiciis
439 2287 498 2353 sibi
528 2294 558 2352 et
582 2287 665 2352 dicte
686 2307 741 2351 sue
755 2288 944 2354 June-iamsi
963 2289 1094 2353 ecclesie
1115 2287 1270 2361 exhibitis,
1298 2287 1337 2353 de
1357 2289 1461 2373 gracia

271 2398 427 2463 annuisset
437 2397 574 2483 speciali,
590 2402 622 2461 rt
635 2397 703 2482 ipse
719 2402 751 2461 et
762 2397 811 2461 sui
825 2415 1022 2461 successores
1038 2415 1094 2481 pro
1110 2396 1235 2462 decimis
1249 2401 1332 2461 terre
1344 2398 1461 2486 Fopcl·

271 2509 352 2592 dors
365 2512 471 2572 vocate
494 2525 588 2592 prope
608 2507 705 2591 ipsum
728 2527 843 2572 nooman
856 2506 1004 2594 predium
1025 2504 1209 2578 adiacentis,
1237 2507 1278 2570 nil
1305 2504 1373 2591 plus
1402 2506 1461 2570 nisi

271 2617 345 2682 duas
357 2615 474 2680 Marcas
486 2616 605 2699 argenti
617 2614 761 2700 ponderis
773 2615 964 2681 clemencie
979 2613 1106 2698 singulis
1122 2614 1209 2680 aonia
1225 2616 1256 2679 in
1272 2615 1350 2679 iesto
1361 2618 1459 2680 sancti

272 2726 396 2808 Georgii
412 2725 552 2811 martyris
569 2723 667 2789 eidem
679 2723 842 2809 Episcopo,
860 2722 907 2789 vel
920 2708 1219 2790 suissnccessoribus
1234 2723 1355 2790 soluere
1371 2730 1461 2789 tene-

272 2839 385 2908 rentur,
402 2833 490 2899 nobis
506 2832 641 2898 exhibuit
656 2839 687 2898 et
701 2834 898 2918 presenteuit‚
913 2854 969 2898 nos
984 2835 1187 2920 predictorum
1203 2833 1321 2899 abbatis
1338 2839 1369 2899 et
1384 2852 1460 2898 cou-

273 2950 380 3010 uentus
397 2942 564 3008 nominibus
577 2947 685 3028 petens
709 2941 814 3007 humili
830 2962 953 3026 precum
971 2963 1036 3007 cum
1053 2945 1215 3015 instancia,
1243 2949 1276 3007 rt
1289 2943 1460 3008 huiusmodi

273 3052 447 3119 decimalem
463 3050 701 3141 solucionsmxde
712 3051 850 3136 predicta
867 3057 949 3115 terra
966 3049 1098 3118 ecclesie
1109 3051 1261 3136 Episcopo
1272 3051 1463 3117 door-ineam

273 3160 360 3226 modo
383 3161 531 3245 premisso
560 3160 638 3225 iuxta
659 3178 840 3244 generosam
863 3158 1007 3225 videlicet
1033 3159 1144 3224 domini
1166 3160 1294 3226 Nicolci
1314 3159 1461 3246 Episcopi

273 3272 468 3335 annuenciam
484 3274 515 3333 et
531 3268 770 3334 commissionem
781 3269 950 3334 taciendam
967 3268 1169 3357 approbantes
1185 3275 1278 3333 ratam
1294 3275 1327 3331 et
1341 3272 1460 3351 gratam

271 3379 385 3445 habere
420 3377 627 3461 dignaremur3
659 3377 730 3442 ldeo
757 3397 813 3442 nos
841 3377 986 3462 predictis
1015 3378 1113 3443 literis
1141 3377 1369 3463 Episcopaiihus
1397 3395 1458 3442 non

273 3487 403 3561 abrasis,
425 3504 484 3550 non
500 3483 695 3559 concedatis.
718 3506 775 3550 nec
795 3486 826 3549 in
847 3484 946 3574 eliqua
968 3486 1015 3551 sui
1035 3492 1121 3570 parte
1135 3486 1254 3550 viciatis
1275 3484 1406 3570 preuisis
1428 3491 1462 3549 et

154 3632 159 3641 x
273 3594 435 3678 diligenter
452 3595 637 3667 examinatis,
664 3596 841 3679 premissam
869 3594 1050 3678 peticionem
1084 3593 1255 3659 eorumdem
1283 3592 1401 3658 abbatis
1428 3599 1461 3659 et

272 3709 437 3771 conuentus
462 3703 639 3786 condignam
657 3704 722 3768 iore
739 3704 931 3774 estimantes.
952 3709 1145 3768 memoratam
1166 3704 1348 3768 solucionem
1371 3702 1460 3769 deci·

271 3813 379 3879 malem
400 3833 458 3898 per
484 3814 659 3898 magistrum
681 3810 791 3897 prelati
811 3812 888 3878 noui
903 3813 1016 3901 predii
1029 3832 1085 3898 per
1100 3812 1184 3898 ipsos
1201 3812 1394 3878 constitutum
1409 3812 1460 3876 vel

272 3921 525 3996 constituendum.
549 3925 688 4007 pretextu
704 3920 787 3986 dicte
801 3927 899 3994 terre,
915 3920 1066 4006 Episcopo
1082 3927 1114 3986 et
1129 3919 1260 3987 ecclesie
1273 3921 1463 3987 Jereanesei

272 4031 361 4097 modo
385 4030 535 4115 prohibito
556 4029 684 4114 singulis
706 4031 789 4094 annis
812 4029 979 4094 taciendam
1006 4034 1099 4094 ratam
1126 4034 1158 4094 et
1178 4033 1293 4112 gratam
1313 4027 1461 4093 hebentes

271 4139 472 4227 approbamus
495 4139 535 4204 ita
550 4144 672 4212 mmen,
700 4147 732 4204 rt
746 4138 825 4203 idern
843 4137 990 4221 Magister
1017 4139 1147 4204 seruicia
1169 4138 1301 4212 eisdem,
1325 4136 1460 4204 ecclesie

273 4249 392 4314 scilieet
407 4255 439 4313 et
453 4248 603 4334 Episcopo
618 4248 821 4318 Jourincaai.
849 4247 970 4311 racione
993 4249 1211 4333 premissorum
1233 4246 1334 4313 debita
1356 4248 1461 4312 iacere

273 4364 304 4422 et
319 4356 463 4423 exhibere
490 4356 620 4422 debeant
644 4378 679 4422 ac
700 4360 860 4421 teneantur
881 4358 959 4420 omni
982 4376 1049 4421 cum
1073 4356 1193 4421 effectu.
1230 4356 1460 4439 Quamobrem

274 4464 359 4530 vobis
387 4465 624 4531 decimatoribus
646 4486 699 4529 seo
727 4465 937 4550 prouisoribus
960 4466 1140 4530 decimarum
1163 4464 1243 4530 dicte
1258 4466 1464 4531 lacrimoso

274 4577 417 4648 ecclesie,
446 4597 524 4642 nunc
542 4584 572 4640 et
594 4597 649 4660 pro
666 4582 804 4662 tempore
831 4577 1012 4645 constitutis,
1035 4575 1203 4640 firmissime
1226 4573 1410 4659 precipimus
1432 4581 1462 4639 et

280 4683 428 4760 districte,
443 4690 586 4769 quatenus
596 4684 771 4767 Magistrum
782 4686 938 4748 memorati
950 4683 1048 4768 predii
1060 4705 1115 4769 per
1124 4683 1313 4768 supradictos
1323 4682 1463 4747 abbatem
