3192 5342
1218 457 1297 529 too

117 642 173 704 sois
193 643 432 721 areguonootro
443 637 565 711 habitis,
578 640 733 722 signanter
744 640 772 702 iu
786 637 886 702 Curiis
898 656 955 700 una
965 635 1116 707 videlicet,
1128 654 1187 719 que
1198 634 1298 699 Corio

116 749 202 836 ltepris
218 748 298 811 circa
316 767 419 832 aquam
435 746 564 823 bicbto,
588 748 721 812 secunda
738 766 811 812 vcro
826 767 885 833 que
900 767 1015 813 acaum
1028 745 1176 834 predicant
1191 747 1223 806 et
1238 740 1296 804 alio

114 867 223 930 nomine
229 866 448 955 Ncwoneypea
455 871 672 951 nuncupantur,
686 886 721 931 ac
729 866 759 929 iu
769 864 837 930 villa
853 865 986 931 Wnden
997 868 1102 927 vocata
1110 863 1189 925 iuxta
1199 859 1296 924 lacum

113 978 227 1040 Fortem
238 975 270 1036 in
287 976 428 1039 comitatu
441 974 636 1041 Musonimosi
647 982 677 1040 et
688 976 718 1040 in
731 974 799 1039 villa
816 975 943 1040 storbo
961 973 1017 1037 alio
1032 972 1153 1036 nomine
1167 990 1295 1052 ceyna-

112 1106 163 1149 ren
183 1092 371 1169 noncupata,
393 1092 581 1150 comorantes
598 1092 629 1150 et
646 1085 839 1157 habitantes,
862 1104 937 1170 quos
952 1085 1032 1148 inter
1054 1088 1174 1147 ceteros
1199 1082 1295 1165 ipsios

23 1222 24 1227 ¹
111 1195 276 1258 monasterii
304 1193 458 1258 libertates
485 1195 530 1258 eis
555 1214 611 1279 per
633 1196 843 1279 progenitores
868 1202 988 1258 nostros
1010 1211 1102 1274 reges
1128 1191 1295 1279 [leopario

110 1302 185 1366 datas
198 1306 230 1366 et
246 1321 421 1376 concessas,
435 1304 606 1369 examinatis
620 1305 713 1389 ipsius
726 1304 899 1368 monasterii
914 1303 1117 1368 instrumentis
1128 1298 1294 1364 literalibus

108 1432 122 1474 a
142 1411 298 1475 solucione
330 1412 405 1476 locri
422 1410 549 1478 Camere
571 1420 675 1476 nostre
702 1413 844 1478 liberatos
867 1413 932 1477 lore
954 1412 1152 1496 comperimus
1180 1409 1294 1493 pariter

108 1528 134 1583 at
147 1524 326 1602 exemptos,
350 1520 419 1584 ldeo
437 1524 519 1606 ipsos
545 1528 576 1586 et
598 1542 701 1586 corum
718 1521 882 1608 quemlibet
898 1521 1052 1586 reddimus
1068 1519 1106 1584 ab
1123 1517 1293 1585 huiusmodi

106 1629 173 1693 lucri
188 1628 319 1694 Camere
337 1637 438 1695 nostre
453 1631 607 1696 solucione
623 1632 817 1717 presentibus
834 1635 945 1717 quittos
962 1637 992 1694 ct
1007 1630 1172 1700 absolutos,
1189 1627 1293 1692 rolen-

106 1750 146 1803 tes
161 1742 287 1805 eosdem
304 1743 334 1805 in
347 1763 447 1806 eorum
465 1744 585 1828 antiqua
597 1752 627 1807 ct
640 1743 805 1827 approbata
821 1743 969 1808 libertatis
983 1741 1174 1826 prerogaliua
1187 1739 1291 1804 illesos

106 1869 291 1913 conseruare.
329 1850 501 1914 Mandamus
524 1857 625 1915 vestre
653 1851 788 1916 fidelitati
812 1851 939 1916 tirmiter
959 1856 990 1913 et
1013 1848 1151 1913 districte
1173 1849 1291 1911 omuino

105 1955 257 2029 solentes,
287 1964 433 2043 quatenos
455 1959 599 2045 deinceps
617 1961 713 2025 nullos
730 1982 765 2024 ex
780 1961 865 2025 vobis
883 1961 1019 2043 prelatos
1035 1956 1179 2043 populos,
1204 1955 1291 2021 loba-

104 2067 202 2147 giones
231 2073 265 2131 el
293 2067 367 2132 alios
394 2069 517 2154 quosuis
544 2070 682 2134 homines
710 2070 873 2155 supradicti
905 2069 1077 2131 monasterii
1106 2068 1136 2129 in
1164 2067 1291 2151 prelatis

23 2152 24 2231 l
105 2174 194 2240 Curiis
219 2183 252 2240 et
280 2176 360 2242 villis
386 2178 532 2245 dictorum
561 2179 758 2245 comitatuum
786 2180 955 2244 residentes
983 2199 1037 2243 seu
1059 2182 1247 2243 comoraotes
1274 2196 1290 2239 a

23 2286 24 2317 l
104 2286 220 2349 racione
247 2285 327 2350 lucri
347 2285 476 2352 Camere
500 2294 602 2353 nostre
630 2289 799 2354 nullomodo
822 2289 1001 2359 molestare,
1031 2285 1212 2370 perturbare
1236 2305 1290 2349 seu

105 2414 284 2477 aggrauare,
308 2416 365 2461 nec
386 2396 464 2460 idem
481 2398 595 2462 lucrum
612 2397 738 2463 Camere
756 2400 878 2480 erigere
895 2398 1091 2481 presumatis,
1120 2396 1183 2459 Sed
1206 2395 1290 2477 ipsos

103 2505 197 2587 pocius
226 2511 260 2569 et
283 2526 385 2570 eorum
411 2507 595 2591 quemlibet,
624 2529 680 2572 nec
703 2530 762 2572 non
779 2510 926 2594 prefatum
943 2506 1155 2571 monasterium
1171 2505 1292 2571 Sancte

105 2614 205 2679 Gracia
220 2614 253 2676 in
273 2616 404 2698 ipsorum
421 2615 552 2690 loribus,
570 2619 683 2699 graciis
701 2624 732 2681 et
745 2617 937 2683 libertatibus
953 2617 1060 2701 ipsius,
1077 2619 1110 2680 ut
1126 2617 1288 2699 prelertur,

104 2741 152 2804 per
166 2724 383 2809 progenitores
405 2733 525 2790 nostros
549 2748 640 2810 reges
656 2729 824 2815 Honqorie
844 2726 960 2791 donatis
983 2732 1015 2789 et
1030 2724 1187 2789 concessis
1204 2723 1289 2807 paci·

105 2833 154 2896 lice
168 2853 203 2895 ac
220 2833 338 2918 absque
359 2835 439 2897 omui
455 2836 656 2919 inpedimento
677 2858 731 2902 seu
755 2837 830 2903 locri
846 2835 973 2901 Camere
999 2840 1102 2900 nostre
1128 2833 1289 2899 exaccione

103 2939 239 3023 pacificos
263 2948 345 3006 stare
368 2947 399 3007 et
422 2962 563 3016 manere,
592 2945 743 3031 dictisque
770 2965 874 3010 eorum
901 2943 1092 3009 libertatibus
1120 2949 1151 3007 et
1175 2941 1287 3025 graciis

102 3049 227 3129 gaudere
246 3055 278 3115 et
293 3051 335 3114 vti
350 3072 405 3135 per
421 3054 519 3117 omnia
533 3056 734 3137 permittatis,
757 3062 788 3120 et
805 3055 885 3120 aliud
902 3075 960 3118 non
975 3054 1094 3118 lactari.
1125 3051 1287 3117 Prosentes

102 3166 191 3223 autem
212 3161 286 3225 dum
308 3161 395 3226 nobis
419 3172 573 3248 reportate
597 3166 709 3231 luerint
724 3165 781 3230 sub
797 3166 902 3232 maiori
918 3170 1019 3231 nostro
1036 3163 1138 3248 sigillo
1155 3162 1285 3227 emanari

102 3267 250 3334 iaciemus.
286 3271 393 3335 Datum
410 3276 438 3336 in
454 3274 593 3361 chclne,
620 3277 649 3339 iu
678 3277 755 3340 testo
783 3276 942 3342 diuisionis
958 3275 1180 3359 apostolorum,
1209 3290 1285 3336 anno

103 3376 203 3443 domini
220 3379 278 3444 bil.
296 3378 395 3447 000⁰.
412 3382 490 3447 lxxl‘⁰
506 3390 620 3470 quarto.

601 3513 761 3577 Ladislaus
779 3514 942 3599 episcopos
960 3508 1192 3597 vesprimensis.

167 3648 285 3720 original
299 3650 346 3705 ani
355 3652 512 3723 Pergament
523 3655 571 3711 mit
583 3656 738 3726 Siegolrost.

590 3873 789 3955 CCLXXII.

103 4006 170 4083 llll,
182 4011 221 4071 1⁵.
236 4012 306 4085 lull,
324 4013 434 4087 blpeltt.
445 4046 482 4057 -
492 4018 618 4090 hidacio,
632 4021 727 4091 Kdnip
739 4037 795 4076 coa
812 4021 938 4090 Unpcrn,
957 4018 1065 4092 befisblt
1079 4018 1155 4073 auen
1168 4014 1282 4072 Moutlo-

103 4100 276 4159 mammem
287 4105 320 4159 ia
336 4103 461 4176 Unam.
474 4107 520 4164 die
532 4108 615 4165 Abtei
627 4109 845 4181 Heilipenlrrcaa
857 4113 889 4167 in
901 4112 953 4166 dea·
965 4112 1013 4167 ilar
1025 4128 1079 4167 oon
1092 4110 1186 4166 Altera
1198 4122 1282 4176 aupe-

132 4193 285 4251 stanam
296 4195 377 4250 Zell-
389 4196 450 4252 aad
460 4198 679 4271 Moutbfreibcit
690 4202 768 4257 ibrer
778 4202 975 4261 bebenamittel
986 4204 1065 4261 nield
1075 4222 1112 4259 cu
1125 4203 1246 4258 beirrcn.

180 4343 360 4409 bodonicus
387 4345 436 4409 dei
464 4347 566 4429 gracia
588 4348 651 4413 Rex
677 4346 825 4438 annric,
852 4353 1000 4425 Palania,
1028 4353 1195 4419 Dolmocie
1220 4357 1280 4415 etc.

104 4445 230 4513 idelibos
251 4452 315 4515 sois
336 4454 485 4519 uniuersis
511 4456 676 4522 tributariis
691 4460 817 4526 rbilibel
833 4465 861 4525 in
879 4482 973 4543 reguo
989 4469 1093 4527 nostro
1109 4461 1281 4526 constitutis

106 4553 223 4621 Salutem
240 4566 271 4623 et
287 4563 431 4642 graciam
456 4564 528 4628 Com
542 4586 597 4629 nos
616 4618 623 4633 .
662 4618 669 4632 .
688 4569 789 4635 abbati
805 4578 836 4636 et
851 4574 1032 4636 monasterio
1047 4580 1160 4638 sonmo
1172 4573 1282 4637 Carteia

106 4660 137 4725 de
149 4669 269 4733 austria
285 4671 323 4734 de
346 4673 449 4754 gracia
465 4675 591 4758 speciali
607 4681 817 4752 annuerimus,
845 4690 877 4747 vt
896 4683 964 4766 ipse
985 4680 1119 4769 quelibet
1140 4678 1278 4745 victualia
