3192 5342
269 482 319 556 el

267 657 347 745 quod
364 660 468 724 eadem
487 662 594 726 domus
610 682 664 725 seu
681 662 808 746 grangia
823 683 879 747 per
895 663 1060 727 exercitum
1076 669 1108 728 et
1119 663 1302 729 descensum
1318 671 1464 737 nostrum,

267 787 354 851 quem
387 789 483 853 prope
511 770 624 836 Mosen
657 770 814 835 habuimus
843 776 874 835 et
905 772 1055 853 lecimus,¹
1094 771 1222 856 dampna
1254 792 1313 837 non
1347 772 1467 836 modica

267 897 413 961 perpessa
444 877 611 951 extitisset,
639 879 671 943 in
697 899 824 964 quorum
846 879 966 964 quidem
993 879 1188 964 dampnorum
1217 882 1466 966 reconpensatio-

265 1006 335 1048 nem
365 985 511 1071 quandam
539 991 649 1051 terram
677 989 770 1053 castri
803 988 898 1052 nostri
922 988 1135 1054 Musunicnaia
1167 990 1296 1055 chbem
1317 998 1465 1061 vocatam,

267 1101 368 1159 nostre
400 1094 552 1159 collationi
589 1097 806 1180 pertinentem.
824 1103 856 1161 ut
875 1095 1029 1171 dixerunt,
1052 1118 1069 1161 a
1093 1097 1179 1162 nobis
1204 1097 1301 1161 eidem
1329 1099 1466 1162 ecclesie

266 1202 332 1267 dari
348 1208 380 1268 et
404 1204 535 1269 conferri
556 1204 709 1269 humiliter
729 1204 925 1290 supplicando
947 1206 1117 1289 postularit.
1155 1206 1217 1271 Nos
1233 1207 1327 1286 igitur
1342 1207 1467 1288 petitio-

265 1311 350 1375 nibus
378 1312 513 1376 eiusdcm
539 1313 641 1377 iratris
670 1315 827 1379 Corrordi
851 1315 902 1398 pie
930 1317 961 1377 et
995 1312 1199 1378 fauorabiliter
1225 1315 1357 1379 inclinati
1388 1335 1462 1397 pre·

265 1419 374 1484 dictam
395 1426 507 1486 terram
529 1422 656 1488 Zecbun
678 1427 813 1487 vocatam
838 1441 959 1486 vacuam
987 1428 1018 1486 et
1046 1422 1260 1488 habitatoribus
1288 1423 1464 1486 destitutam

266 1548 333 1592 cum
353 1528 445 1593 terris
462 1529 642 1602 arabilibus,
670 1531 841 1595 nemoribus
863 1549 917 1594 seu
939 1532 1058 1594 frutetis
1074 1551 1110 1594 ac
1126 1531 1192 1613 alijs
1207 1529 1384 1595 utilitatibus
1400 1531 1464 1593 suis

266 1637 432 1711 rniuersis,
455 1636 509 1702 Oui
537 1639 658 1723 quidem
684 1645 767 1703 terre
796 1659 813 1702 a
841 1643 927 1723 parte
949 1638 1086 1702 orientali
1109 1645 1192 1703 terra
1217 1641 1349 1704 Zoruon
1371 1639 1463 1711 dicta,

267 1745 425 1809 ameridie
440 1766 512 1811 vero
529 1753 610 1810 terra
630 1749 728 1813 Golas
744 1752 929 1832 nuncaputa.
960 1752 1078 1831 aparte
1094 1767 1166 1812 vero
1183 1746 1365 1811 occidentali
1382 1750 1463 1810 terra

266 1853 400 1917 eiusdem
417 1854 523 1918 domus
538 1864 648 1921 suamc
667 1857 789 1923 celae
804 1856 928 1921 vicinari
944 1856 1100 1930 dicuntur,
1127 1862 1190 1919 tum
1205 1856 1244 1920 ob
1261 1855 1463 1928 demtionem,

265 1980 353 2045 quam
375 1982 458 2028 more
481 1963 606 2030 aliorum
622 1966 735 2047 Regum
758 1965 988 2049 progenitorum
1010 1972 1179 2029 nostrorum
1200 1965 1257 2029 deo
1284 1964 1462 2027 deuotornm

173 2082 176 2087 ·
265 2089 339 2152 erga
355 2072 480 2135 eandem
497 2073 657 2139 ecclesiam
672 2080 783 2139 sancte
798 2073 922 2139 CBVcis
937 2074 1110 2157 specialiter
1127 2075 1279 2154 gerimus,
1296 2078 1358 2135 tum
1374 2072 1463 2133 etiam

265 2179 295 2240 in
321 2180 555 2245 satisfactionem
581 2188 612 2245 ct
638 2168 936 2265 reconpensationem
965 2181 1162 2266 dampnorum
1191 2178 1330 2263 predicte
1360 2179 1461 2242 domui

267 2306 323 2369 per
349 2289 512 2353 exercitum
541 2298 673 2353 nostrum
705 2288 802 2353 eidem
829 2290 1030 2372 irrogatorum
1061 2290 1160 2353 eidem
1192 2289 1324 2353 ecclesie
1352 2296 1461 2353 sonmo

267 2396 389 2461 coeco
406 2399 436 2459 et
452 2397 552 2460 domui
568 2399 748 2486 Necnonpn
771 2398 923 2462 antedicta
944 2396 1099 2471 dedimus,
1126 2397 1301 2461 donauimus
1325 2416 1362 2459 eo
1385 2396 1462 2463 iore,

264 2523 323 2587 quo
335 2511 437 2569 nostre
451 2506 546 2588 Regia
556 2505 709 2570 collationi
721 2508 878 2590 pertinere
891 2506 1067 2578 dinoscitur,
1080 2510 1228 2589 perpetuo
1237 2503 1461 2590 possidendam,

264 2613 423 2676 tenendam
441 2618 472 2678 ct
487 2614 651 2678 habendam
668 2614 733 2678 sine
749 2614 915 2698 preiudicio
931 2614 1004 2677 ioris
1021 2615 1125 2686 alieni,
1144 2634 1160 2676 a
1176 2613 1297 2678 Juoicio
1314 2618 1345 2676 et
1359 2612 1461 2677 duris·

265 2720 398 2786 dictione
425 2721 570 2785 Comitum
600 2722 638 2786 de
664 2723 812 2787 Musonio
846 2742 900 2805 pro
934 2727 1072 2804 tempore
1105 2722 1332 2785 constitutorum
1365 2720 1461 2802 ipsam

264 2835 376 2893 terram
393 2832 511 2913 penitus
528 2831 703 2894 eximentes.
736 2828 778 2892 lN
794 2830 879 2894 cuius
897 2831 941 2893 rei
958 2830 1127 2894 memoriam
1145 2828 1374 2911 firmitatemque
1389 2848 1461 2911 per-

263 2942 385 3020 petuam
402 2944 562 3023 presentes
586 2938 791 3003 concessimus
814 2938 932 3002 litteras
953 2944 1073 3002 nostras
1092 2936 1221 3022 duplicis
1248 2936 1341 3019 sigilli
1365 2936 1459 2999 nostri

265 3046 426 3110 monimine
446 3047 613 3111 roboratas.
638 3047 746 3110 Datum
756 3067 813 3130 per
825 3065 928 3109 manus
942 3044 1067 3110 discreti
1083 3046 1138 3110 viri
1151 3045 1285 3126 magistri
1297 3045 1459 3110 Jobannis

263 3154 409 3220 Albeceia
425 3155 558 3220 ecclesie
569 3155 731 3241 Propositi,
747 3156 816 3220 aule
833 3159 937 3219 nostre
953 3153 1194 3220 vicecancellarii
1211 3160 1241 3217 et
1256 3154 1461 3219 archidiaconi

265 3262 479 3329 Kulraallienoia
506 3263 610 3329 dilecti
632 3268 663 3328 et
685 3263 782 3329 tidelis
805 3264 918 3335 nostri,
944 3282 1020 3327 anuo
1048 3263 1159 3326 domini
1189 3263 1347 3326 blillesimo
1369 3261 1463 3324 (300⁰

264 3368 382 3434 decimo
404 3377 527 3449 octauo,
556 3371 662 3436 thllt.
679 3370 824 3437 kalendas
841 3371 1000 3447 Octobris,
1024 3372 1121 3453 Regni
1142 3376 1241 3435 autem
1267 3372 1360 3435 nostri
1385 3392 1462 3433 anno

263 3477 398 3542 similiter
414 3479 532 3543 decimo
549 3485 666 3544 octauo.

336 3619 455 3692 Original
468 3620 515 3675 aul
523 3621 682 3692 Pergameae
694 3621 741 3677 mit
753 3621 990 3694 (rerbrocbeucm)
1004 3621 1104 3692 Siogel.

821 3822 898 3900 LX.

262 3963 340 4036 lele,
362 3964 408 4023 el.
422 3964 593 4036 September.
607 3995 641 4003 -
664 3963 760 4033 Konta
783 3964 856 4019 Karl
878 3981 933 4019 von
958 3963 1074 4034 Unporn
1092 3965 1194 4037 fertipt
1216 3965 1276 4035 corf
1291 3966 1389 4020 Bitten
1412 3967 1463 4020 dea

261 4056 345 4112 Aetas
360 4058 424 4111 Otto
437 4072 492 4110 von
505 4053 725 4125 Heilipcnlsrcua
743 4053 795 4108 alos
807 4053 957 4125 ffirmlicbe
974 4054 1162 4123 Prioilepicm
1185 4073 1254 4117 oua,
1289 4055 1362 4110 eder
1384 4057 1463 4109 seiae

262 4150 377 4203 uncam
389 4146 420 4201 2.
436 4144 555 4201 October
570 4144 660 4200 1317
672 4143 763 4200 diener
775 4143 858 4198 Alter·
869 4142 998 4201 artbeilte
1010 4144 1197 4214 Beatetipcnp
1209 4145 1258 4200 ees
1269 4146 1399 4201 Beaitaca
1410 4147 1466 4200 der

594 4238 686 4293 eoor
704 4234 950 4306 Vogelndorfuaui
962 4233 1124 4307 Potcadorf.

352 4358 490 4424 Karalus
501 4355 549 4419 dei
561 4355 666 4437 gracia
678 4355 854 4443 Hesperie,
866 4355 1044 4425 Dolmocic
1057 4354 1199 4424 Graecia,
1214 4355 1323 4424 Rome,
1337 4353 1462 4426 Samia,

264 4468 416 4542 Galliac,
443 4464 651 4536 Lodomcrie.
671 4463 838 4535 θωηαηίε,
862 4463 1076 4549 Bulporicpue
1100 4461 1172 4532 Rex,
1189 4459 1334 4524 Omnibus
1352 4461 1462 4526 christi

262 4575 400 4639 lidclibus
416 4579 591 4657 presentem
607 4571 747 4654 paginam
771 4570 955 4654 inspecturis
978 4569 1102 4633 salutem
1120 4569 1149 4631 in
1166 4587 1222 4639 eo,
1251 4568 1301 4650 qui
1324 4568 1462 4651 Regibus

261 4683 311 4747 dat
327 4683 462 4747 salutem.
480 4680 524 4744 Ad
535 4680 749 4746 Vniuersorum
762 4684 822 4743 tam
835 4677 1026 4762 presencium
1038 4696 1125 4762 quam
1142 4677 1307 4742 futurorum
1320 4677 1462 4742 noticiam
