3192 5342
1258 487 1304 560 61

121 678 242 764 speciali
260 678 360 767 (sie),
384 679 469 762 cujus
486 675 651 762 supradicti
679 679 786 743 montis
812 682 843 742 et
858 678 946 742 uinea
969 673 1106 756 magistri
1122 672 1231 736 montis
1247 669 1310 734 exi·

121 795 197 851 stunt
212 788 251 851 D.
269 787 365 853 abbas
389 794 419 852 et
444 794 608 854 conuentus
631 786 803 851 monasterii
820 794 931 855 cuncte
950 786 1078 856 Crucis,
1095 788 1232 866 tempora
1248 779 1309 849 illo.

121 915 172 982 quo
187 895 288 961 libere
305 896 407 962 lacere
423 897 583 981 potuimus,
609 897 748 984 nulloque
764 894 1002 965 contradicente,
1019 913 1076 957 neo
1093 890 1191 975 aliquo
1209 889 1310 954 obsta·

121 1004 182 1069 culo
199 1012 404 1090 repugnante,
420 1026 496 1091 pure
513 1026 548 1070 ac
564 1007 731 1071 liberaliter
745 1012 871 1090 propter
895 1004 984 1069 deum
1006 1002 1044 1066 ob
1061 999 1225 1065 remedium
1242 998 1309 1061 sai-

120 1134 227 1177 marum
247 1120 416 1179 nostrarum
434 1135 470 1180 ac
486 1117 614 1179 omnium
631 1117 858 1199 progenitorum
879 1117 1048 1177 nostrorum
1066 1109 1141 1175 uiris
1156 1107 1310 1187 religiosis

120 1223 152 1287 11.
170 1223 286 1289 esoni
300 1222 465 1288 uenerabili
482 1223 589 1288 abbati
605 1231 716 1289 sancte
728 1223 839 1289 Crucis
854 1221 1025 1287 monasterii
1042 1218 1181 1303 prelibati
1193 1214 1310 1279 Cister-

118 1332 227 1397 eiensis
245 1332 373 1405 ordinis,
384 1333 569 1417 patauiensis
586 1332 726 1417 dyocesis
735 1337 767 1396 et
779 1331 946 1397 Conuentni
963 1329 1099 1412 ejusdem
1116 1327 1175 1390 loei
1191 1327 1221 1388 io
1238 1343 1310 1407 per-

119 1445 237 1524 petuum
262 1441 481 1523 assignauimus
503 1448 534 1506 et
560 1442 772 1525 assignamus,
802 1441 981 1505 donauimus
1010 1444 1040 1502 et
1062 1436 1205 1502 donamus
1223 1432 1307 1513 justo

121 1550 313 1635 proprietatis
334 1550 421 1615 titulo
447 1555 596 1635 perpetuo
620 1548 821 1636 possidendas
845 1551 906 1621 sic,
929 1549 1007 1636 quod
1032 1547 1128 1611 libere
1155 1544 1199 1607 eis
1216 1542 1308 1605 liceat

119 1679 306 1744 quocumque
332 1664 468 1744 tempore
495 1678 561 1723 cum
584 1659 699 1723 eisdem
730 1661 829 1724 uineis
863 1679 980 1723 omnem
1010 1674 1113 1721 eornm
1143 1670 1308 1738 procurare

119 1768 275 1833 utilitatem
298 1769 412 1852 pariter
434 1774 466 1833 et
489 1769 657 1852 protectum
681 1774 740 1832 tom
764 1769 793 1832 in
817 1769 975 1833 uendeodo
993 1786 1080 1853 quam
1097 1766 1126 1828 in
1144 1757 1307 1843 obligando

118 1875 163 1939 uel
178 1877 478 1962 quomodocumque,
504 1877 569 1941 siue
586 1877 659 1941 dare
675 1877 912 1963 quibuscumque
929 1882 1020 1962 prout
1035 1876 1080 1940 eis
1097 1873 1203 1938 melius
1218 1865 1306 1932 uide·

10 2056 12 2067 ,
119 1983 192 2049 bitur
216 1985 382 2069 expedia-03
406 1985 472 2050 Tali
497 1986 660 2070 sponsione
682 1992 808 2071 recepto
831 1987 869 2050 de
894 1987 930 2050 D.
948 1985 1056 2050 abbate
1081 1988 1113 2047 et
1128 1977 1306 2045 Cetterario.

10 2076 11 2085 ¹
118 2093 190 2180 qood
206 2094 238 2156 iu
255 2093 314 2159 Die
331 2094 410 2159 beati
427 2095 558 2160 Marnitii
575 2100 606 2158 et
625 2097 654 2159 in
671 2096 721 2159 die
736 2096 817 2159 beati
827 2097 1029 2160 bartholomei
1047 2094 1173 2179 apostoli
1191 2086 1306 2153 dabun-

10 2250 12 2301 p
116 2213 161 2268 tur
176 2205 339 2269 couventui
356 2205 413 2269 duo
431 2206 517 2291 plena
534 2206 656 2269 seruitia
672 2208 702 2269 in
718 2206 872 2290 piscibus,
901 2205 1016 2271 rimulis
1038 2208 1069 2269 et
1096 2205 1165 2270 uino
1188 2201 1305 2268 meliori

120 2311 244 2396 singulis
269 2315 356 2378 annis
384 2312 500 2378 sublata
525 2313 658 2398 qualibet
681 2317 842 2379 occasione
867 2313 1064 2379 inexcusabili
1094 2318 1126 2378 et
1151 2319 1305 2398 suspecta,

10 2420 12 2485 l
118 2422 190 2486 siout
207 2423 369 2486 retroactis
385 2423 572 2507 temporibus
589 2428 637 2488 est
653 2430 842 2491 consuetum.
879 2426 972 2489 Porro
995 2423 1054 2506 ipsi
1077 2424 1188 2487 iratres
1211 2425 1241 2486 iu
1258 2423 1305 2487 uia

10 2512 11 2561 1
118 2531 320 2594 mandatorum
336 2530 501 2597 diuinorum
525 2538 681 2597 currentes
703 2533 813 2599 deuote
841 2533 983 2597 orationis
1000 2534 1128 2596 hostiam
1145 2531 1304 2597 salutarem

10 2646 12 2729 l
118 2638 271 2720 pronubis
287 2658 323 2702 ae
339 2659 395 2723 pro
412 2642 525 2706 nostris
542 2642 788 2726 progenitoribus
811 2647 894 2706 tanto
910 2642 1054 2706 abentius
1070 2640 1182 2707 ollerre
1197 2639 1305 2724 ‹ligua-

119 2745 238 2819 buotur.
267 2754 379 2831 quanto
406 2749 529 2816 uberius
546 2753 663 2836 experti
681 2751 792 2816 luerint
808 2750 935 2815 allectus
953 2752 1047 2816 nostri
1063 2750 1304 2817 beneuolentiam

11 2872 12 2881 ¹
119 2874 179 2918 cum
195 2856 319 2919 ellectu.
342 2857 372 2919 ln
390 2858 476 2941 cujus
492 2860 537 2925 rei
552 2861 753 2925 testimonium
769 2865 943 2945 presentem
960 2859 1089 2924 litteram
1106 2860 1215 2925 exindo
1232 2879 1306 2923 con·

11 3038 13 3061 ‚
120 2965 256 3046 scriptam
274 2971 379 3029 nostro
395 2968 495 3052 sigillo
511 2967 683 3050 diligentius
705 2969 882 3034 roboramus
899 2989 966 3033 eum
988 2967 1089 3051 sigillo
1118 2969 1226 3034 nobilis
1248 2968 1306 3032 do·

122 3071 199 3142 mini,
217 3070 331 3137 domini
350 3074 450 3141 Ulrior‘
469 3077 510 3142 de
524 3078 710 3160 Moyssuaom
726 3080 904 3166 asperioris
920 3078 1111 3144 merseboloi
1125 3081 1158 3142 in
1175 3077 1305 3143 Austris

121 3182 148 3239 et
161 3199 225 3243 rum
242 3182 346 3264 sigillo
374 3182 482 3247 nobilis
498 3185 610 3249 domini
627 3185 736 3250 domini
753 3188 881 3253 Andree
895 3189 936 3253 de
951 3187 1124 3263 Senberris,
1148 3185 1199 3271 qui
1215 3187 1306 3268 hujus

120 3287 161 3349 rei
176 3294 269 3354 testes
292 3290 424 3355 existunt
447 3311 514 3356 cum
530 3294 594 3357 suls
610 3295 742 3378 propriis
758 3295 879 3379 sigillis.
916 3297 989 3359 Acta
1011 3304 1082 3358 sunt
1108 3295 1167 3359 bec
1189 3300 1221 3358 ot
1236 3294 1303 3359 data

122 3394 235 3461 cimmo
250 3417 327 3461 anno
340 3395 451 3465 domini
469 3400 624 3467 millesimo
636 3404 855 3468 trecentesimo
868 3403 986 3469 decimu
1004 3424 1092 3475 nono,
1110 3403 1139 3466 in
1156 3402 1206 3467 (lie
1222 3402 1303 3467 beati

11 3490 12 3543 ἶ
122 3500 219 3567 iacobi
235 3505 376 3588 apostoli.

185 3646 299 3719 Originsl
314 3651 363 3705 auf
371 3652 530 3723 Pergamanl
541 3657 589 3710 mil
601 3655 658 3712 drot
672 3656 788 3728 Siegeln.

634 3838 772 3920 LXVll.

12 3994 13 3999 ¹
119 3969 185 4043 1111,
202 3972 242 4032 lt.
256 3975 428 4048 September.
438 4010 475 4020 —
488 3979 646 4051 Kenigund
661 3982 707 4038 dte
724 3984 891 4059 Korpnrain
904 4003 958 4040 corr
968 3986 1127 4057 Pressius-9
1140 3988 1232 4059 stiflet
1243 3988 1303 4042 siclt

119 4059 146 4114 is
160 4062 207 4118 der
218 4066 298 4121 Abtei
311 4066 531 4139 Heittpcnlrreuz
547 4073 630 4128 einen
643 4075 778 4143 eutrop,
796 4092 878 4131 moze
896 4076 937 4132 rie
957 4076 1041 4133 einen
1059 4078 1246 4148 Weinpurten
1260 4077 1305 4134 bei

557 4164 714 4234 Presrburp
731 4164 851 4221 wirimet.

12 4364 14 4389 Β
197 4284 244 4347 loo
271 4286 452 4375 Cbunr'punt
473 4289 523 4354 die
546 4290 748 4381 Cbrlrpncrin
770 4316 806 4360 ze
824 4299 1005 4384 &espancis
1029 4299 1153 4382 vergicb
1171 4303 1228 4366 und
1246 4296 1298 4367 tr‘m

121 4386 200 4454 chml
215 4392 291 4456 allen
308 4392 377 4468 den,
395 4398 424 4460 di
441 4397 529 4463 diseo
547 4401 630 4466 brief
641 4402 739 4468 lesent
756 4403 830 4468 oder
847 4400 955 4471 hirent
971 4407 1074 4481 lesen,
1097 4408 1126 4473 di
1144 4431 1181 4475 ov
1197 4413 1300 4477 lebent

12 4520 14 4567 ᾗ
121 4495 186 4560 oder
201 4500 256 4563 nab
273 4504 434 4568 chrmltiob
453 4507 523 4581 sint,
549 4509 603 4573 daz
621 4510 670 4574 ich
687 4513 741 4574 mit
756 4512 949 4578 verdachtem
972 4508 1035 4580 mist
1050 4518 1109 4581 und
1126 4521 1179 4583 mit
1195 4512 1297 4602 gittem

13 4678 15 4727 p
119 4603 223 4678 millen,
247 4609 306 4673 rnd
323 4632 358 4674 ze
380 4612 436 4676 der
460 4617 538 4689 zeit.
567 4618 604 4681 dn
626 4619 676 4682 ich
700 4641 735 4683 ez
757 4621 817 4684 wol
840 4618 932 4704 getim
957 4625 1069 4696 machi,
1094 4627 1161 4691 dem
1180 4650 1298 4693 eruern

13 4784 15 4825 ἰ
122 4710 224 4777 llerreu
246 4718 303 4782 bbt
325 4722 417 4785 Oeten
441 4722 498 4787 vud
523 4723 576 4790 der
602 4748 791 4812 sarnpnuuge
812 4731 924 4813 grabes
949 4732 1059 4798 ordens
1081 4735 1136 4801 des
1162 4736 1239 4801 Haus
1262 4759 1297 4808 ze
