3192 5342
1237 495 1311 566 331

116 670 210 752 regali
228 689 369 735 mensura
388 673 606 756 nequiuissent,
624 670 679 734 sed
697 671 761 734 uisu
779 668 1000 733 considerando
1016 669 1235 755 circumspecta
1252 672 1316 735 eius

116 778 261 864 qualitate
277 786 308 844 et
322 781 488 864 quantitate
501 801 557 844 una
574 799 642 843 cum
659 778 726 843 aliis
744 779 818 842 uiris
831 776 934 861 probis
950 776 988 841 ad
1001 777 1197 862 quadraginta
1212 781 1316 864 iugera

4 926 6 975 J
115 896 265 952 terrarum
277 888 434 953 arabilium
446 890 643 954 estimassent
655 888 807 959 adiacere,
825 886 976 951 uidissent
987 886 1081 951 eciam
1095 886 1218 958 ibidem,
1236 888 1316 975 quod

118 1000 273 1070 ueriorss,
309 999 458 1063 rectiores
489 1004 521 1062 et
555 996 791 1082 apparenoiores
826 1000 921 1059 metas
956 997 1182 1077 prenominatus
1211 996 1318 1062 Frater

4 1132 5 1175 3
115 1107 274 1178 Jmnes,
305 1113 482 1189 procurator
509 1106 641 1171 annotati
664 1105 783 1170 Domini
807 1102 932 1167 Abbatis
956 1103 1152 1170 ostendisset
1185 1104 1316 1188 Quarum

4 1268 6 1287 ‚
115 1214 285 1278 litterarum
302 1214 542 1281 exhibicionibus
558 1217 646 1279 lactis
670 1212 801 1297 predicti
819 1217 1033 1296 procuratores
1050 1213 1184 1297 parcium
1201 1214 1315 1279 eisdem

4 1344 6 1365 ³
116 1324 146 1387 in
164 1324 323 1407 premissis
340 1343 396 1407 per
408 1324 469 1389 Nos
487 1326 560 1389 iuris
578 1324 741 1409 equitatem
755 1322 943 1406 postularant
959 1322 1114 1405 imperari,
1132 1343 1235 1386 uerum
1247 1327 1317 1408 quia

116 1435 253 1514 prelatus
269 1433 416 1497 Dominus
433 1432 533 1497 dbbas
556 1438 651 1497 motas
675 1435 817 1497 annotate
840 1450 893 1493 sue
911 1431 1114 1511 possessionis
1134 1432 1318 1514 lbausolun

4 1528 6 1547 ι
118 1546 259 1604 uocatea
282 1547 370 1624 parts
391 1541 528 1625 predicte
551 1540 760 1624 possessionis
782 1539 908 1605 Wclt‘ud
928 1537 1023 1621 ipsius
1041 1540 1190 1626 Gregorii
1206 1542 1318 1605 uariari

4 1656 5 1709 ζ
118 1656 149 1713 st
163 1650 292 1713 rectiori
306 1650 407 1723 modo,
424 1667 510 1734 quam
523 1647 623 1714 dictus
637 1649 811 1736 Gregorius
824 1652 919 1711 metas
935 1649 1030 1729 ipsius
1047 1668 1102 1711 sue
1114 1651 1317 1732 possessionis

4 1802 5 1835 p
123 1757 245 1823 uetus
271 1779 288 1822 a
317 1764 405 1841 parte
434 1762 597 1822 memorate
627 1755 830 1840 possessionis
861 1756 1043 1839 Tuaafuluu
1072 1756 1166 1839 ipsius
1199 1758 1317 1823 Domini

116 1865 241 1929 Abbatis
257 1866 444 1931 ostendisset
459 1866 710 1936 demonstrasse,
733 1864 815 1929 dicta
832 1865 922 1928 etiam
938 1870 1020 1928 tarra
1037 1865 1168 1948 litigiosa
1185 1866 1224 1930 ad
1240 1886 1318 1951 qua·

118 1974 262 2055 draginta
278 1976 385 2056 iugera
401 1979 552 2040 terrarum
569 1975 708 2039 estimato
724 1974 837 2049 luisse,
859 1993 897 2037 en
918 1973 1156 2057 prescriptorum
1181 1976 1317 2059 rescrip-

116 2084 270 2148 tionalinm
298 2086 532 2169 consequenciis
561 2083 807 2168 reperiebantur,
841 2083 908 2166 ipse
932 2083 1023 2146 etiam
1045 2081 1190 2148 Dominus
1216 2083 1317 2148 Abbas

116 2212 210 2276 super
228 2194 308 2258 iacto
325 2194 408 2258 dicte
424 2194 631 2276 possessionis
649 2213 704 2256 sne
723 2191 907 2275 Tuausotac
927 2197 1067 2263 uocatas,
1091 2192 1201 2256 metalo
1222 2195 1317 2276 priui-

116 2300 228 2382 legium
245 2299 361 2366 babere
388 2301 472 2365 stab
496 2301 554 2366 boc
570 2320 663 2385 super
679 2302 743 2384 ipsa
759 2306 842 2363 terra
860 2299 993 2382 litigiosa
1011 2318 1070 2363 oon
1086 2299 1144 2383 ipsi
1162 2302 1316 2387 Gregorio

97 2409 229 2478 actori,
261 2408 316 2472 sed
352 2409 471 2494 prelato
499 2409 627 2473 Domino
655 2409 764 2474 Abbati
793 2409 871 2471 iuxta
900 2407 1126 2472 estimacionem
1155 2411 1318 2474 eorundem

119 2515 251 2581 iudicum
283 2517 386 2599 inponi
416 2522 448 2580 et
478 2517 645 2582 adiudicari
676 2516 791 2583 debere
823 2514 1082 2598 agnoscebantur,
1115 2518 1210 2601 ipsius
1238 2524 1320 2581 terre

119 2622 253 2705 litigiose
274 2623 474 2689 consideratis
497 2625 652 2708 premissis
675 2628 737 2691 suis
762 2626 940 2691 utilitatibus
966 2624 1004 2690 ad
1028 2631 1097 2690 octo
1121 2626 1260 2691 marcbas
1284 2647 1318 2690 se

119 2731 318 2803 extendebat,
347 2753 403 2815 pro
431 2753 467 2797 eo
496 2754 553 2798 una
574 2754 642 2798 cum
670 2735 758 2816 regni
781 2734 960 2817 proceribus
982 2734 1138 2799 nobiscum
1160 2735 1191 2798 in
1208 2734 1318 2798 iudicio

118 2839 316 2904 sendentibus
339 2843 585 2907 commiseramus
608 2861 644 2904 eo
668 2842 773 2914 modo,
803 2843 883 2926 quod
906 2841 986 2906 idem
1002 2843 1147 2907 Dominus
1162 2841 1317 2906 dbbasirr

5 2952 7 2959 ’
119 2954 223 3012 octaua
247 2949 319 3013 lesti
343 2949 425 3013 beati
446 2950 553 3015 Jacobi
573 2949 709 3034 Apostoli
732 2958 803 3017 tunc
825 2951 975 3016 uenientis
999 2951 1036 3014 ad
1053 2951 1161 3015 faciem
1177 2951 1316 3034 predicte

119 3056 322 3139 possessionis
341 3059 523 3141 Tuaafclua
538 3063 570 3121 et
587 3079 642 3142 per
658 3078 849 3143 consequens
866 3059 948 3124 dicte
963 3062 1045 3123 terre
1061 3059 1193 3140 litigiose
1210 3058 1317 3121 uicinis

5 3142 7 3225 ἶ
120 3173 149 3227 et
164 3166 381 3229 commetaneis
406 3168 472 3230 suis
494 3167 646 3231 uniuersis
663 3167 724 3232 illic
740 3167 876 3250 legitime
892 3167 1083 3240 conuocatis,
1116 3186 1151 3231 ac
1179 3166 1316 3250 predicto

6 3360 7 3367 ἵ
121 3273 291 3359 Gregorio,
320 3274 368 3335 uel
384 3294 440 3337 suo
457 3281 653 3357 procuratore
671 3275 823 3355 legitimo,
851 3277 922 3339 item
940 3273 1109 3340 bominibus
1126 3275 1222 3357 regiis
1238 3274 1315 3340 inira

6 3382 7 3419 ³
121 3380 311 3445 declarandis
336 3386 368 3444 et
388 3384 569 3446 testimoniis
592 3384 665 3449 dicti
689 3385 835 3471 Capituli
848 3384 1046 3453 soanensis,
1075 3402 1134 3466 qne
1157 3404 1212 3466 per
1234 3382 1314 3447 idem

6 3538 7 3559 ,
121 3488 284 3571 Capitulum
303 3488 340 3552 ad
358 3489 389 3552 id
406 3488 472 3553 beri
491 3491 616 3555 aliarum
634 3491 799 3555 litterarum
817 3496 985 3556 nostrarum
1002 3490 1200 3554 amicabiliter
1216 3498 1317 3555 trans-

6 3584 8 3649 l
121 3596 192 3659 mitti
208 3596 432 3678 postularemus
457 3599 486 3661 in
512 3599 706 3682 presentibus
729 3599 921 3673 accedendo,
952 3600 1077 3663 eandem
1101 3607 1219 3682 aparte
1236 3599 1318 3663 dicte

122 3704 322 3786 possessionis
343 3706 465 3771 Wetiad
480 3727 535 3790 per
552 3714 647 3771 metas
669 3714 701 3771 et
724 3728 833 3772 cursus
857 3708 1002 3780 metales,
1025 3708 1143 3789 pridem
1167 3726 1223 3788 per
1243 3726 1317 3790 pro·

123 3817 289 3876 curatorem
309 3834 396 3877 suum
420 3821 559 3879 ostensas
589 3822 620 3879 et
640 3815 880 3887 demonstratas,
909 3818 938 3881 in
956 3813 1226 3900 superioribusque
1243 3833 1317 3877 con·

123 3923 246 4003 scriptas
262 3921 484 3995 reambuloret‚
512 3925 653 4010 iactaque
674 3925 740 4008 ipsa
759 3923 1003 3991 roambulaciono
1019 3923 1049 3985 in
1066 3922 1197 3987 ecclesia
1215 3941 1268 3985 sua
1285 3921 1314 3983 in

124 4029 221 4092 eadem
245 4031 443 4112 possessione
462 4032 622 4116 Tuafolun
643 4037 826 4103 constructa,
850 4032 914 4096 sola
936 4052 990 4096 sua
1013 4032 1043 4094 io
1069 4050 1200 4114 persona
1219 4049 1317 4115 coque

126 4135 184 4218 ipse
206 4139 311 4202 baculo
335 4143 366 4201 et
387 4139 495 4202 annulo
518 4141 662 4223 pastorali
687 4139 865 4224 prelulgero
892 4137 1082 4220 dignoscitur
1109 4137 1230 4203 indutus
1252 4138 1315 4201 suis
1347 4184 1351 4193 .

127 4244 250 4309 uestibus
280 4247 522 4312 sacerdotalibus
553 4249 756 4332 comparando
792 4254 823 4312 et
853 4247 992 4311 baculum
1020 4268 1106 4311 suum
1134 4245 1314 4330 pastoralem

129 4367 205 4415 mano
222 4372 277 4416 sua
300 4352 426 4418 dextera
450 4356 582 4420 tenendo
605 4363 636 4420 et
653 4356 690 4420 ad
713 4360 822 4421 statum
839 4377 925 4421 suum
942 4355 1113 4439 regularem
1130 4353 1214 4418 etad
1233 4373 1315 4416 suam

133 4459 342 4525 conscienciam
364 4460 412 4533 id,
437 4463 516 4546 quod
543 4463 622 4528 dicta
644 4470 728 4529 terra
746 4465 878 4546 litigiosa
902 4466 930 4528 in
955 4470 1016 4528 toto
1036 4464 1073 4527 ad
1090 4470 1158 4527 octo
1177 4462 1316 4525 marchas

135 4566 277 4639 estimato,
305 4590 427 4653 semper
454 4578 485 4635 et
509 4572 546 4636 ab
575 4573 695 4655 antiquo
724 4572 760 4635 ad
787 4573 956 4655 predictam
985 4573 1208 4656 possessionem
1232 4590 1317 4632 suam

142 4671 303 4758 lanosum
319 4679 477 4760 pertinens
494 4681 586 4744 luerit
601 4686 632 4743 et
648 4681 775 4744 attinere
792 4680 912 4751 debeat,
930 4699 1140 4765 normamque
1157 4677 1261 4742 cadem
1279 4676 1316 4739 ad
