3192 5342
294 434 372 508 300

288 633 344 698 pro
360 613 540 678 monasterio
557 617 589 677 et
602 609 747 677 iratribus
761 611 825 676 suis
842 616 1029 687 necessaria,
1051 623 1122 702 puta
1139 616 1245 691 boues,
1261 640 1380 693 vaccas,
1396 640 1477 694 oues,

288 722 409 796 vitulos,
424 744 545 808 porcos,
562 721 670 808 pullos,
687 740 806 794 caseos,
824 723 1004 788 frumentum
1017 731 1049 790 et
1064 726 1120 790 alia
1134 747 1321 813 quecumque
1332 730 1478 806 victualia,

289 833 505 918 cuiuscumque
521 832 644 915 generis
668 830 815 902 existant,
838 836 870 896 et
892 829 989 896 lanarn
1015 833 1054 898 de
1070 835 1149 899 uillis
1171 842 1202 901 el
1219 835 1317 904 Curiis
1333 857 1436 902 eorum
1450 842 1479 904 in

290 961 385 1023 regno
402 947 506 1008 nostro
518 942 685 1008 habitorum
702 946 733 1005 et
748 941 943 1006 existenclnm
959 943 1157 1009 extraducere
1169 944 1267 1009 ualeat
1282 951 1374 1031 atque
1385 949 1481 1032 possit

289 1053 357 1116 siue
383 1050 487 1117 tributi
514 1050 669 1117 solucione
692 1049 821 1135 pacifice
845 1054 877 1114 et
904 1051 1028 1134 quiete,
1064 1052 1236 1118 blandamus
1261 1054 1354 1137 igitur
1381 1061 1481 1121 vestre

290 1159 426 1225 fidelitati
447 1158 532 1224 lirino
549 1161 645 1243 Regio
661 1159 718 1224 sub
734 1160 835 1225 edicto
851 1159 970 1222 omnino
987 1158 1140 1234 volentes,
1166 1169 1313 1247 quatenns
1338 1163 1482 1250 deinceps

291 1271 330 1336 de
353 1271 510 1355 premissis
539 1279 571 1333 et
597 1270 691 1334 eciam
715 1269 782 1335 aliis
805 1269 1041 1354 quibuscumque
1063 1270 1261 1345 victualibus,
1290 1292 1350 1358 que
1366 1274 1482 1358 prelato

293 1378 394 1447 abbati
409 1379 448 1445 de
462 1379 585 1446 Sancte
601 1381 701 1446 once
721 1377 778 1442 sub
800 1379 990 1463 presencium
1013 1379 1197 1445 confidencia
1225 1381 1255 1444 in
1282 1382 1421 1447 curribus
1437 1388 1485 1446 ant

291 1490 377 1573 equis
399 1487 438 1553 de
459 1487 538 1552 uillis
560 1493 591 1552 et
613 1487 710 1552 Curiis
738 1486 801 1552 suis
824 1487 862 1552 ad
878 1489 1041 1553 naseam
1057 1489 1235 1554 deteruntur
1250 1511 1304 1555 seu
1322 1491 1483 1575 pelluntur,

291 1597 323 1661 in
347 1595 424 1662 locis
452 1595 631 1662 tributorum
653 1602 821 1661 uestrorum
845 1594 955 1660 nullum
976 1596 1119 1663 tributum
1136 1600 1275 1683 recipere
1290 1621 1345 1664 seu
1363 1601 1485 1684 exigere

294 1707 492 1791 presumatis,
520 1705 575 1770 sed
591 1705 770 1789 permittatis
787 1704 958 1770 huiusmodi
974 1706 1115 1772 victualia
1132 1706 1275 1792 specifice
1291 1709 1443 1774 nominata
1457 1713 1488 1773 et

291 1815 350 1881 alia
365 1833 563 1901 quecumque,
579 1820 612 1879 ut
623 1816 785 1898 prefertur,
803 1814 901 1878 eidem
919 1813 1019 1880 abbati
1037 1816 1168 1893 deferre,
1184 1817 1327 1903 quociens
1344 1818 1486 1903 optimum

292 1926 383 1989 luerit
399 1930 430 1989 et
445 1944 587 1996 necesse,
604 1924 671 1988 sine
687 1922 790 1987 tributi
807 1922 961 1988 solucione
976 1929 1008 1989 et
1024 1925 1137 2010 absque
1153 1925 1368 2009 inpedimento.
1395 1924 1487 1991 Vobis

291 2054 365 2098 vero
380 2036 521 2119 speciose
536 2033 741 2103 comittentes,
759 2035 904 2116 quatenus
921 2034 1030 2098 fratres
1046 2055 1101 2099 seu
1117 2036 1280 2099 monachos
1296 2034 1373 2100 dicti
1389 2053 1488 2100 mona·

291 2145 393 2215 sterli,
416 2143 485 2207 dum
506 2145 535 2206 in
552 2160 650 2225 regno
666 2147 767 2205 nostro
784 2142 970 2225 procedunt,
993 2143 1072 2206 nulla
1095 2143 1215 2207 racione
1232 2144 1262 2205 in
1279 2141 1353 2207 loeis
1374 2142 1485 2206 vestris

289 2251 455 2317 tributariis
471 2251 608 2336 inpedire
624 2249 775 2321 audeatis,
798 2271 856 2315 nec
871 2250 1014 2315 tribulum
1030 2251 1172 2336 recipere
1188 2251 1225 2315 ab
1242 2251 1376 2324 eisdem,
1400 2249 1487 2316 Aliud

291 2382 350 2426 non
372 2362 490 2426 lecturi.
528 2361 637 2424 Datum
658 2361 688 2424 in
710 2359 819 2447 lipebe
841 2361 871 2423 in
893 2359 972 2423 festo
995 2359 1152 2425 dinisiouis
1177 2360 1384 2446 apostulorum
1408 2379 1483 2424 auno

294 2470 406 2536 domiui
418 2469 474 2534 ll⁰.
490 2468 590 2535 000⁰.
604 2467 722 2534 lxxiiii0.
752 2467 917 2532 Presentes
930 2473 1028 2532 autem
1041 2474 1198 2556 postquam
1212 2474 1368 2554 reportate
1381 2469 1490 2535 luerint

295 2580 351 2645 sub
363 2582 468 2646 maiori
483 2578 584 2662 sigillo
597 2582 701 2642 nostro
715 2578 845 2641 emanori
858 2577 1013 2642 faciemus.
1038 2580 1145 2644 Datum
1158 2583 1294 2662 utsupra
1307 2578 1489 2666 (episcopus

299 2690 523 2779 Vesprimensr'o
540 2684 741 2771 ladislaus).
769 2686 809 2750 Bt
825 2686 883 2751 boc
899 2688 979 2751 idern
996 2687 1264 2752 tricesimstoribus
1281 2687 1398 2751 nostris
1415 2685 1489 2773 ipsi·

296 2819 391 2883 usque
406 2799 472 2864 rice
487 2796 665 2882 gerentibus
681 2796 862 2879 iniungimus
879 2798 1019 2881 speciose
1035 2795 1214 2863 laciendum.
1238 2797 1347 2861 Datum
1364 2800 1490 2860 utente.

368 2940 486 3011 Origine}
505 2939 552 2996 sul
560 2941 730 3009 Pergameae
756 2938 805 2993 dns
819 2940 985 3010 abqelalleus
998 2940 1088 3012 Sisgel
1106 2957 1160 2995 nar
1173 2941 1239 2996 r'rber
1252 2940 1300 2995 der
1312 2939 1493 2997 Unlersebrifl

296 3031 345 3089 des
355 3032 535 3105 Wesuprimer
546 3031 683 3087 lliseboles
695 3030 879 3103 autgadrocka

785 3210 1002 3293 CCLXXlll.

295 3358 369 3431 lttt,
389 3357 423 3417 ll.
436 3358 552 3432 Δημιΐ,
561 3356 646 3417 'lem
661 3388 695 3397 —
708 3358 815 3414 Revera
832 3357 1007 3429 Wolflrord's
1019 3356 1067 3412 des
1081 3357 1166 3432 (ἱραί,
1177 3359 1305 3428 Butram
1317 3374 1373 3412 oon
1391 3358 1481 3419 Wiero,

300 3468 339 3506 mr
350 3450 397 3505 dia
414 3449 494 3505 Atrei
505 3448 725 3518 Heilr'pcnlrreuu
754 3465 849 3518 saepen
865 3449 943 3503 eines
971 3466 1024 3503 our
1038 3449 1137 3505 Gnade
1155 3449 1327 3520 bercilliqtea
1348 3449 1492 3504 Etmanes

317 3540 394 3597 eines
408 3540 549 3597 Gemellas
560 3540 593 3595 in
605 3538 651 3595 die
664 3540 767 3595 Moocr
779 3537 828 3594 des
840 3538 891 3593 der
901 3538 983 3594 Abtes'
995 3540 1145 3611 paldriaco
1160 3540 1317 3614 Grmlrofes
1328 3542 1361 3596 in
1378 3539 1472 3595 Wiers
1548 3552 1557 3573 ·

385 3670 436 3735 leb
464 3670 618 3756 Wolflrorl
641 3668 695 3733 der
721 3670 810 3754 Grof
823 3689 937 3753 purger
963 3690 999 3733 ze
1025 3670 1134 3735 Wsenn
1155 3671 1214 3735 und
1235 3670 1284 3734 iob
1305 3670 1403 3736 Anna
1424 3670 1491 3734 sein

296 3783 475 3847 bousurowe
491 3779 550 3843 vnd
572 3777 631 3841 alle
653 3797 744 3841 unser
759 3777 872 3850 Erben,
894 3779 951 3841 wir
970 3778 1124 3861 vergeben
1140 3772 1191 3841 loir
1209 3800 1264 3843 uns
1280 3779 1340 3843 und
1361 3772 1414 3842 fuir
1439 3777 1495 3842 alle

296 3888 613 3959 vuserNaehlbmen,
643 3886 694 3950 die
716 3908 805 3950 unser
826 3886 914 3949 llaws
935 3888 1066 3970 gelegen
1094 3908 1130 3951 an
1152 3889 1219 3952 dem
1236 3891 1324 3954 alten
1345 3887 1491 3956 Fler'selr·

295 3998 420 4066 morell
444 4017 479 4061 ne
500 3997 607 4063 Wiener
631 3996 707 4061 naeb
730 4017 783 4062 rus
798 3996 982 4061 ionebabent
998 3998 1057 4062 rnd
1073 3997 1238 4070 beelteem,
1263 3999 1322 4063 und
1342 4004 1397 4064 tun
1422 3999 1496 4064 knut

298 4109 457 4175 offenleieb
480 4107 533 4170 mit
556 4106 625 4170 dern
646 4103 742 4178 briei,
768 4106 829 4170 llas
853 4127 906 4170 uns
929 4105 979 4170 die
1004 4107 1114 4171 erbern
1138 4107 1347 4173 Geistleicben
1369 4109 1493 4183 berreu,

297 4217 410 4303 prdder
426 4216 588 4287 Cbodnom
614 4235 651 4279 zu
668 4214 727 4279 den
743 4215 841 4279 seiten
857 4214 938 4278 abbr
955 4215 1022 4280 datu
1045 4215 1112 4279 dem
1135 4217 1421 4306 Heiliqenebrewta
1437 4214 1496 4279 vnd

300 4327 355 4392 der
371 4325 507 4392 Conuenl
522 4326 661 4407 gemuine
678 4324 838 4389 daselbeus
854 4325 948 4389 ddrcb
964 4344 1070 4389 unser-r
1086 4325 1144 4388 rnd
1161 4326 1271 4389 anderr
1286 4324 1391 4389 erbarr
1408 4325 1497 4388 Lewt

301 4439 466 4517 vleisziger
489 4444 541 4519 pet
563 4435 663 4499 willen
684 4456 741 4499 von
763 4436 882 4516 gnadeu
900 4435 1025 4499 erluwbt
1042 4434 1169 4506 babent,
1198 4435 1253 4499 dan
1270 4434 1323 4497 wir
1339 4434 1494 4517 gewelbet

304 4546 402 4612 baben
427 4545 455 4608 in
478 4544 505 4608 ir
519 4544 628 4617 naor,
657 4544 706 4608 die
723 4544 761 4609 do
776 4543 890 4626 gebbrt
906 4565 942 4607 zu
959 4545 1014 4607 irm
1031 4543 1135 4616 llaws,
1165 4543 1218 4607 das
1240 4541 1279 4607 do
1301 4541 1419 4606 balzzet
1441 4541 1496 4605 der

309 4655 457 4740 Gradus,
473 4654 531 4718 rud
548 4653 672 4718 dardmb
688 4675 723 4719 so
740 4653 895 4738 uergeben
911 4655 977 4730 wir,
994 4653 1048 4719 daz
1065 4653 1120 4717 wir
1136 4653 1192 4719 und
1211 4652 1268 4718 alle
1284 4671 1375 4716 unser
1391 4648 1493 4713 Erben
