3192 5342
1242 492 1320 566 379

1 761 3 768 ¹
125 685 303 768 presertim,
320 703 380 770 qne
395 682 433 747 ad
450 684 619 747 uestrarum
631 680 766 747 Salutem
779 678 940 744 animarum
953 673 1066 739 cedere
1077 668 1208 744 ualeam,
1220 672 1330 756 quanta

1 815 3 898 q
126 812 199 858 curn
222 792 279 858 deo
301 811 461 879 possumus
482 789 690 856 fauorabiliter
713 807 887 855 annuamus.
917 784 1035 849 Dudum
1059 780 1207 866 siquidem
1230 777 1330 843 felicis

1 903 2 958 l
129 903 353 969 recordationis
372 903 515 967 Urbanus
530 921 608 985 papa
625 900 673 965 Vl.
699 917 864 983 precessor
893 898 997 959 noster
1023 912 1060 956 or
1082 891 1177 957 certis
1197 888 1331 953 rationa-

124 1010 241 1076 bilibus
258 1012 359 1075 oausis
375 1011 413 1076 nd
429 1009 461 1073 id
477 1009 543 1074 eius
560 1012 688 1072 animum
704 1004 895 1071 mouentibus
912 1003 951 1068 de
963 1000 1089 1066 consilio
1103 1001 1193 1066 etiarn
1206 999 1331 1061 fratrum

125 1140 264 1192 suornm,
284 1120 323 1184 de
339 1139 465 1205 quorum
482 1137 605 1182 numero
624 1125 695 1182 tuuc
712 1135 842 1185 eramus,
859 1119 891 1179 et
906 1110 1074 1195 apostolice
1090 1106 1246 1193 potestatis
1261 1104 1331 1189 ple·

1 1269 3 1320 p
124 1228 269 1293 nitndine
285 1229 399 1299 statuit,
415 1233 447 1290 ut
463 1228 595 1291 uniuersi
613 1225 725 1289 Christi
741 1223 849 1289 lideles
859 1241 932 1286 uere
947 1220 1122 1304 penitentes
1137 1223 1167 1280 et
1183 1214 1329 1286 confessi,

124 1337 184 1420 qui
199 1339 230 1399 in
245 1338 328 1400 Anno
344 1355 360 1398 a
377 1335 531 1400 natiuitate
549 1333 661 1397 domini
677 1332 772 1396 nostri
792 1332 867 1396 lesu
884 1329 996 1393 Christi
1017 1325 1176 1392 blillesimo
1192 1324 1328 1388 Tercen-

122 1443 240 1507 tesimo
254 1442 456 1525 Nonagesimo
471 1462 550 1507 nnnc
566 1442 709 1513 instante,
726 1446 796 1505 tunc
813 1441 930 1512 futuro,
959 1443 990 1502 et
1011 1437 1157 1518 deinceps
1174 1431 1330 1518 perpetuis

1 1593 3 1628 ,
122 1551 318 1638 temporibus
340 1552 379 1615 de
401 1551 634 1634 Trigintatribus
651 1550 742 1614 Aonis
765 1550 795 1613 in
818 1549 1023 1633 Trigintatros
1045 1548 1147 1609 Annos
1169 1543 1329 1607 Beatorum

1 1691 3 1736 ᾗ
123 1658 343 1744 Apostolorum
372 1659 456 1723 Petri
485 1665 517 1723 et
545 1658 627 1723 Pauli
645 1657 791 1722 Basilicas
819 1657 858 1721 dc
873 1656 956 1721 Vrbe
983 1676 1019 1720 sc
1035 1653 1270 1718 Lateranensem
1299 1655 1331 1714 et

121 1770 245 1833 Sancte
260 1767 352 1831 ldarie
370 1767 491 1831 maioris
508 1767 546 1831 de
563 1768 642 1831 diota
662 1765 743 1830 Vrbe
755 1766 903 1829 ecclesias
916 1762 1073 1827 uisitarent
1085 1780 1175 1827 causa
1190 1759 1331 1823 denotio-

121 1878 189 1948 nis,
206 1876 407 1960 plenissimam
427 1876 557 1939 omnium
574 1881 767 1958 peccatorum
785 1893 907 1937 suorum
923 1872 1040 1937 ueniam
1056 1872 1331 1953 consequerentur;

120 1988 174 2049 ita
190 1984 345 2055 uidelicet,
374 1989 406 2048 ut
428 1985 608 2069 quicumque
633 1982 726 2047 uellet
754 1981 901 2046 eiusmodi
928 1978 1128 2061 indulgentias
1144 1978 1281 2061 assequi,
1305 1976 1331 2039 si

122 2097 282 2159 Romanus
297 2092 336 2155 sd
352 2091 448 2157 nunus
464 2092 602 2174 Triginta
619 2092 767 2156 continuis
784 2090 833 2156 uel
849 2088 1038 2174 interpolatis
1060 2086 1154 2152 semel
1176 2087 1283 2151 saltem
1300 2085 1331 2148 in

123 2203 199 2275 die,
218 2204 243 2266 si
259 2221 330 2266 nero
346 2201 527 2283 Peregrinus
544 2204 595 2266 aut
610 2202 742 2265 lorensis
760 2200 904 2264 existeret
920 2198 1008 2262 modo
1036 2196 1125 2261 simili
1153 2194 1331 2278 Quindecim

122 2311 240 2376 dicbus
255 2311 292 2374 ad
308 2309 430 2373 easdem
447 2310 594 2375 Basilicas
611 2316 643 2374 et
658 2308 809 2375 eeclesias
825 2307 977 2373 accedere
992 2311 1178 2376 tenerentur,
1195 2309 1284 2389 prout
1299 2303 1330 2366 in

123 2421 206 2500 dicti
231 2419 458 2504 predecessoris
487 2419 596 2483 litteris
617 2417 687 2481 inde
719 2417 869 2482 coniectis
897 2417 1015 2501 plenius
1043 2416 1224 2481 continetur.
1258 2413 1332 2478 Cum

123 2533 243 2600 antem,
260 2530 338 2591 sicut
355 2527 486 2592 exhibita
503 2525 590 2591 nobis
607 2548 703 2611 nuper
719 2545 775 2611 pro
791 2531 878 2611 parte
894 2531 997 2590 uestra
1013 2525 1126 2610 peticio
1147 2521 1330 2593 continebat,

122 2657 188 2700 nos
205 2657 241 2699 ex
256 2636 401 2718 singulari
417 2636 586 2701 deuotionis
602 2637 725 2700 ieruore
741 2635 890 2701 Basilicas
906 2640 938 2699 et
953 2633 1102 2699 ecclesias
1118 2631 1283 2717 predictas,
1300 2634 1333 2693 ut

120 2744 344 2827 indulgentiam
363 2744 533 2810 huiusmodi
550 2744 671 2829 assequi
688 2746 832 2828 possetis,
850 2745 880 2807 in
897 2744 1029 2827 propriis
1046 2742 1184 2827 personis
1200 2740 1331 2804 libenter

121 2853 310 2924 uisitaretis,
328 2853 381 2917 sed
398 2853 467 2938 quia
483 2859 609 2938 propter
625 2853 738 2917 uiarum
761 2851 897 2936 pericula
921 2858 953 2916 et
975 2850 1041 2914 aliis
1058 2851 1151 2915 certis
1172 2845 1331 2912 decausis

122 2961 312 3026 desiderium
329 2966 462 3026 nestrum
479 2961 649 3026 huiusmodi
667 2960 825 3025 commodo
847 2960 1016 3045 adimplere
1032 2979 1090 3023 uon
1106 2956 1252 3042 potestis.
1275 2974 1330 3038 pro

121 3077 216 3156 parte
230 3074 333 3134 uestra
349 3070 436 3135 nobis
453 3071 510 3135 tois
525 3070 676 3135 humiliter
692 3071 906 3154 supplicatum,
922 3075 957 3133 ut
971 3088 1064 3153 super
1079 3067 1138 3132 boc
1150 3065 1237 3131 uobis
1255 3082 1329 3149 pro-

123 3181 234 3246 uidere
257 3179 296 3242 de
311 3179 498 3262 benignitate
514 3178 680 3264 apostolica
697 3179 899 3264 dignaremur.
924 3177 988 3242 Nos
1002 3179 1093 3261 igitur
1109 3177 1256 3248 uolentes,
1273 3192 1330 3238 nos

1 3295 2 3306 ¹
124 3288 343 3373 promissorum
359 3287 466 3352 intuitu
484 3287 637 3352 fauoribus
654 3287 811 3372 prosequi,
828 3287 971 3369 gratiosis
992 3284 1160 3351 huiusmodi
1176 3281 1331 3367 supplica·

124 3397 262 3462 tionibus
279 3397 423 3470 inclinati,
440 3402 473 3462 nt
489 3396 665 3470 Contessor,
683 3416 771 3481 quem
788 3394 915 3481 quilibet
929 3399 1063 3459 uestrum
1079 3393 1197 3459 duxerit
1210 3392 1330 3474 eligen-

1 3505 3 3596 ξ
125 3505 197 3573 dum
214 3505 304 3569 uobis
331 3503 495 3587 apostolica
523 3506 702 3569 anctoritate
729 3504 900 3569 concedere
925 3504 1042 3575 ualeat,
1070 3502 1148 3587 quod
1173 3520 1227 3564 uns
1256 3519 1329 3563 uere

1 3671 3 3690 ἱ
125 3615 300 3696 penitentes
323 3618 354 3675 et
374 3612 508 3677 confessi
535 3610 753 3694 indulgentiam
770 3610 940 3677 huiusmodi
968 3612 1090 3694 assequi
1115 3609 1258 3679 ualeatis,
1286 3606 1329 3671 lta

1 3759 2 3796 2
125 3726 237 3792 minen,
252 3719 334 3805 qnod
351 3720 431 3785 idem
448 3719 614 3785 Confessor
631 3720 765 3785 laborem
782 3726 814 3783 ct
829 3739 987 3805 expensas,
1005 3738 1080 3803 quos
1095 3718 1286 3801 pateremini,
1302 3717 1328 3780 si

1 3815 2 3826 ἶ
126 3835 289 3912 propterca
307 3828 345 3891 ad
362 3827 472 3892 Vrbem
489 3828 657 3910 predictam
674 3828 839 3899 ueneratio,
864 3829 894 3891 in
912 3826 972 3892 siin
987 3827 1109 3912 pictatis
1131 3845 1224 3909 opera
1241 3825 1329 3889 nobis

1 3979 2 4024 3
128 3942 292 4001 commutet
307 3941 339 3999 et
353 3935 533 4008 oblationes,
550 3955 625 4019 quas
642 3936 679 3999 ad
697 3935 844 4001 Basilicas
861 3943 891 4000 et
908 3935 1056 4001 ecclesias
1072 3934 1227 4018 predictas
1243 3931 1329 3998 obla·

127 4046 186 4109 turi
202 4045 351 4116 inissetis,
368 4046 394 4107 si
411 4042 449 4107 ad
465 4044 533 4108 illas
550 4046 750 4128 personaliter
772 4047 952 4116 uenissetis,
975 4045 1012 4108 sd
1035 4065 1086 4109 eas
1102 4045 1167 4108 sine
1183 4041 1327 4108 dilatione

126 4153 337 4217 transmittatis
350 4159 382 4217 et
398 4152 464 4216 loco
481 4153 663 4217 uisitationis
679 4154 873 4218 basilicarum
898 4159 929 4216 et
953 4153 1150 4218 ecclesiarum
1175 4151 1328 4236 predicta-

128 4281 192 4325 rnm
207 4260 325 4345 aliquas
341 4261 492 4326 ecelesias
508 4263 538 4325 in
555 4261 692 4345 partibus
709 4261 780 4329 illis.
799 4261 886 4326 uobis
903 4281 959 4345 per
986 4261 1097 4325 dictum
1114 4261 1327 4325 Cenfsssorem

129 4367 325 4453 deputandas,
343 4368 521 4450 Quindecim
537 4370 645 4434 diebus
661 4372 810 4435 continuis
827 4372 876 4435 uel
893 4371 1081 4455 interpolatis
1111 4370 1217 4434 saltem
1233 4367 1328 4434 semel

131 4475 161 4537 in
176 4477 224 4540 die
239 4478 319 4542 inira
336 4480 450 4542 Annum
466 4479 652 4554 huiusmodi,
676 4481 703 4543 si
718 4480 876 4544 commode
898 4480 1057 4563 poteritis,
1085 4479 1225 4562 Alioquin
1248 4477 1327 4540 intra

128 4583 235 4650 testum
250 4586 476 4651 Resurectiosis
492 4586 630 4652 eiusdem
646 4587 757 4651 donnini
772 4591 867 4651 nostri
882 4589 957 4652 lesu
970 4588 1081 4651 Christi
1098 4587 1233 4670 proxime
1248 4607 1324 4650 uen-

128 4696 223 4759 tnmm
230 4696 355 4760 uisitare
363 4697 534 4773 teneamini,
541 4696 695 4762 deuotioni
708 4702 926 4763 umlretenore
932 4697 1116 4783 presentium
1122 4696 1323 4781 indulgemus.
