3192 5342
275 513 353 586 376

278 687 336 753 rod
353 686 542 753 acbtzkisteu
556 687 619 765 lar,
636 708 673 752 an
690 689 764 753 sand
782 688 889 754 Peters
906 690 965 755 und
982 691 1057 755 sand
1073 691 1172 758 Paulo
1187 700 1240 777 lag
1254 691 1310 758 der
1325 692 1466 778 beyligea

275 797 380 861 zoelli
391 801 491 880 poten.

347 919 463 991 original
480 918 528 973 inl
537 920 704 991 Pergameni,
717 921 813 977 dcssan
825 922 890 977 mi
903 923 994 994 Sisgcl
1008 924 1106 980 lslrlen.

778 1083 965 1166 CCCXXl.

275 1243 350 1315 1³80,
368 1243 414 1304 db.
427 1241 551 1316 bolobtr,
568 1242 654 1305 vles.
673 1278 708 1287 -
729 1249 1021 1319 conquestorem
1033 1250 1144 1307 Pauca
1157 1250 1292 1307 sollcicbt
1302 1254 1360 1324 ecs
1368 1252 1469 1308 oront

276 1337 329 1392 der
347 1335 501 1391 imcrirten
520 1334 606 1390 usuc
628 1336 717 1411 Papct
739 1338 859 1395 Urban’r
881 1341 928 1396 VI.
948 1341 994 1397 die
1012 1340 1156 1413 definitive
1176 1341 1399 1416 lucos-paratiore
1419 1342 1470 1399 ‹lcr

563 1425 672 1499 Psarre
683 1428 780 1485 Aland
792 1448 848 1486 sor
858 1431 941 1487 notet
952 1432 1181 1503 Heilipenlrrena.

369 1555 502 1621 dendus
516 1552 566 1617 dei
583 1559 614 1620 et
629 1557 803 1641 Apostolice
825 1560 909 1626 sedis
933 1561 1038 1644 gracia
1061 1559 1231 1646 Episcopus
1252 1562 1471 1627 Pcttooiensio

279 1664 433 1731 Vniuersis
465 1669 496 1727 et
525 1662 654 1747 singulis
684 1673 845 1750 presentes
866 1669 982 1734 litteras
1006 1669 1188 1753 inspecturis
1218 1677 1249 1735 et
1270 1690 1346 1754 quos
1377 1671 1471 1734 intra·

279 1777 424 1859 scriptum
451 1781 545 1858 tangit
560 1778 713 1860 negotium
740 1796 794 1840 seu
819 1784 948 1861 tangere
972 1780 1083 1862 poterit
1106 1778 1258 1862 quoslibet
1286 1779 1317 1842 in
1339 1780 1470 1843 tutorum

280 1880 415 1947 Salutem
432 1884 462 1948 in
479 1885 608 1951 domino.
633 1886 765 1949 Litteras
781 1887 963 1950 sanctissimi
985 1889 1014 1949 in
1041 1884 1163 1951 Christo
1180 1890 1275 1971 patris
1302 1896 1334 1952 et
1360 1886 1474 1952 domini

279 1994 392 2071 nostri,
408 1992 519 2060 domini
540 1996 668 2068 Vrdam',
684 1995 784 2058 diuina
813 1995 1001 2078 prouidentia
1029 2016 1108 2080 pape
1126 1994 1201 2069 Vll,
1224 1998 1254 2059 in
1282 1996 1332 2060 filo
1348 1999 1472 2082 canapis

278 2119 364 2164 more
378 2120 502 2167 romane
519 2107 602 2169 curie
618 2102 748 2169 bullatas
765 2122 823 2165 non
840 2102 975 2176 abolitas,
992 2124 1050 2167 non
1068 2105 1203 2176 viciatas,
1220 2107 1361 2189 usquein
1374 2106 1473 2190 aliqua

279 2212 326 2274 sui
342 2217 430 2294 parte
446 2218 623 2296 suspectas,
645 2212 699 2276 sed
723 2212 802 2275 omni
827 2213 905 2276 ricio
934 2233 1058 2295 prorsus
1082 2221 1111 2277 et
1138 2216 1312 2297 suspicione
1333 2221 1473 2278 carentes

280 2317 367 2383 nobis
385 2340 440 2403 per
455 2320 658 2386 venerabilem
684 2320 715 2383 in
743 2318 859 2383 cbristo
886 2320 1028 2385 dilectum
1052 2321 1298 2387 Cbolomonnom
1324 2322 1474 2387 Abbatem

280 2427 453 2492 Monasterii
470 2428 588 2495 Sancte
604 2429 715 2496 erano
730 2430 759 2492 in
775 2429 901 2494 aconio
917 2430 1032 2493 ordinis
1048 2429 1258 2494 Cisterciensis
1275 2436 1381 2495 nostre
1393 2436 1476 2516 pata·

281 2537 395 2601 uiensis
412 2538 542 2603 diocesis
557 2544 747 2623 presentatas
764 2555 830 2602 eum
848 2556 893 2609 ea,
910 2556 968 2621 qua
985 2539 1098 2609 decuit,
1115 2540 1283 2602 reuerentia
1304 2558 1358 2602 nos
1388 2558 1476 2604 rece-

279 2648 361 2729 pisse
377 2646 523 2710 nsueritis
539 2667 595 2729 per
612 2649 708 2712 omnia
724 2648 753 2709 in
772 2645 829 2710 bec
846 2643 947 2709 uerba.
973 2645 1288 2733 (sermunculus
1306 2645 1476 2713 cccxvlu

279 2751 486 2836 abgedruclte
508 2753 594 2819 Bulle
616 2753 708 2838 Papst
731 2752 862 2818 Urban's
877 2752 943 2827 Vl,
972 2753 1041 2819 ddo.
1058 2753 1162 2820 Genua
1190 2755 1244 2819 ab.
1269 2754 1329 2819 blai
1354 2755 1475 2839 1386.)

281 2861 353 2926 Post
370 2880 492 2946 quanam
509 2862 675 2927 litterarum
691 2861 921 2946 aposlolicarum
938 2866 1198 2945 presentacionem
1220 2868 1252 2926 et
1267 2864 1475 2947 receptionem

280 2967 390 3033 luimus
406 2988 460 3052 pro
478 2977 563 3053 parto
580 2972 714 3034 eiusdem
730 2969 855 3033 Abbatis
883 2989 950 3034 cum
973 2970 1075 3035 debita
1103 2973 1248 3037 instancia
1265 2973 1423 3057 requisiti,
1445 2978 1476 3035 rt

281 3076 320 3141 ad
336 3078 542 3142 executionem
559 3076 632 3144 dicti
650 3077 779 3143 mandati
795 3077 955 3162 apostolici
972 3080 1206 3164 procederemus
1230 3084 1309 3145 iusta
1336 3080 1478 3145 traditam

280 3185 370 3250 nobis
386 3186 521 3249 sormam.
546 3186 609 3251 Nos
625 3188 718 3269 igitur
735 3185 869 3251 volentes
885 3186 922 3252 ad
943 3190 1149 3253 executionem
1172 3191 1269 3273 ipsius
1293 3188 1477 3272 procedere,

283 3299 313 3357 rt
330 3301 480 3365 tenemur,
508 3295 581 3359 risis
595 3293 759 3376 diligenter
782 3302 815 3358 et
829 3298 974 3379 inspectis
991 3295 1175 3380 supradictis
1190 3297 1303 3361 litteris
1317 3296 1401 3361 bone
1417 3317 1481 3361 me·

282 3401 376 3466 morie
404 3402 577 3473 Gwidonis
602 3404 739 3487 episcopi
756 3405 949 3474 Portsenes‘s,
965 3410 1037 3468 tunc
1051 3405 1128 3492 tituli
1145 3413 1249 3471 sancte
1265 3406 1374 3471 cecilie
1390 3426 1481 3490 pres·

284 3511 382 3596 byteri
405 3509 589 3583 sarcinatis,
615 3532 651 3576 ac
674 3510 773 3575 felicis
802 3512 1030 3577 recordacionis
1052 3512 1164 3578 domini
1180 3514 1305 3580 lumi
1324 3515 1396 3579 olim
1414 3516 1480 3598 epi·

283 3618 368 3701 scopi
386 3618 604 3704 polonienses,
627 3618 856 3703 predecessoris
884 3622 980 3685 nostri
1007 3621 1114 3704 sigillis
1141 3642 1245 3686 eorum
1274 3622 1479 3706 pendentibus

281 3724 423 3807 sigillatis
439 3734 471 3790 et
485 3729 620 3810 receptis
636 3726 770 3811 desuper
785 3730 922 3793 securius
938 3729 1206 3795 informacionibus
1223 3751 1279 3815 per
1290 3736 1388 3796 testes
1404 3730 1480 3815 pdo-

281 3854 357 3900 neos
373 3839 405 3898 et
418 3819 544 3907 iuralos,
564 3834 672 3918 quibbs
688 3835 775 3899 nobis
791 3839 912 3901 securie
926 3839 1063 3902 constitit
1078 3844 1117 3902 et.
1125 3844 1253 3911 constat,
1276 3839 1357 3923 quod
1374 3839 1480 3902 buius·

282 3942 361 4007 modi
377 3941 479 4007 littere
496 3963 532 4008 ac
554 3942 653 4025 sigilla
670 3943 782 4007 luerint
804 3945 993 4015 eorumdem.
1017 3945 1136 4012 scilieet
1159 3944 1329 4012 cardinalis
1356 3954 1390 4010 et
1414 3947 1480 4030 cpi·

282 4051 381 4135 scopi.
398 4069 523 4136 quorum
540 4052 570 4114 in
587 4050 702 4115 eisdem
719 4051 830 4115 litteris
846 4051 1068 4127 describuntur,
1091 4055 1187 4119 luisse
1210 4058 1240 4120 et
1263 4074 1350 4127 esse,
1379 4055 1480 4140 quod·

282 4179 341 4246 que
367 4157 505 4244 predicta
532 4157 632 4239 sigillo
656 4159 776 4224 luerunt
801 4166 832 4224 et
854 4180 924 4224 esse
940 4169 1163 4227 consueueruut
1184 4163 1483 4248 autentica‚quibus

283 4273 404 4335 estnon
421 4267 575 4331 inmerito
593 4266 669 4332 fides
686 4266 857 4333 adhibenda
878 4273 909 4333 et
925 4271 1003 4352 quod
1019 4271 1098 4335 iuxta
1120 4271 1370 4336 consuetudinem
1394 4271 1489 4336 buius'

282 4374 382 4459 patrie
397 4373 557 4459 priuilegia
575 4376 713 4460 episcopi
729 4377 914 4458 pntauiensis
929 4398 984 4461 pro
1001 4383 1138 4464 temporo
1155 4379 1313 4445 existentis
1330 4400 1392 4444 non
1409 4399 1485 4444 con·

282 4490 449 4547 suouerunt
472 4503 527 4567 por
554 4484 688 4548 notarios
708 4482 847 4568 publicos
875 4485 1027 4551 subscribi
1054 4487 1104 4551 uel
1131 4487 1256 4570 signari.
1293 4486 1487 4572 Quapropter

283 4591 439 4662 unionem,
474 4594 671 4658 annexionem
704 4598 736 4656 et
768 4594 1047 4678 incorpornciouem
1080 4615 1135 4680 par
1167 4596 1305 4680 prelatos
1342 4594 1485 4660 dominos

284 4700 467 4768 aalma
507 4700 689 4766 cardinalem
726 4707 758 4766 et
786 4703 949 4770 sumum
986 4705 1163 4789 episcopum
1188 4705 1416 4792 perstrictum
1448 4705 1488 4769 de
