3192 5342
1271 467 1321 542 55

126 637 228 700 barum
245 636 330 699 serie
341 635 478 699 volumus
489 636 661 719 peruenire,
677 636 756 720 quod
772 637 819 699 uir
830 635 1000 718 Religiosus
1017 637 1111 699 frater
1126 637 1207 708 Otto,
1225 635 1326 700 llbbas

126 744 305 808 decasterii
321 750 434 808 sancte
450 744 560 809 Omns
576 742 689 807 ordinis
706 743 929 829 cysterciensis
946 743 985 807 de
1001 744 1143 816 Austris,
1166 743 1326 808 Patauieu·

128 854 167 916 sis
183 851 340 935 dyocesis,
356 849 440 915 nobis
458 849 587 916 dilectus
603 855 634 914 et
650 850 749 916 tidelis
766 851 802 914 ad
821 857 954 915 nostram
970 850 1120 916 accedens
1136 852 1326 934 presenciam

129 959 262 1024 exhibuit
278 958 367 1023 nobis
389 959 505 1024 litteras
523 964 641 1023 nostras
665 964 806 1045 patentes
827 979 920 1044 super
942 958 1108 1025 collacione
1131 958 1325 1044 quarumdam

127 1075 275 1132 terrarum
296 1068 488 1155 lbgelndms
503 1072 534 1131 et
549 1069 723 1153 Poteadors
737 1069 952 1132 nominatarum
980 1088 1037 1152 per
1063 1058 1117 1132 nos
1146 1068 1226 1132 tacta
1250 1088 1327 1133 con·

127 1178 232 1251 lectas,
249 1176 516 1260 repromissionem
532 1180 663 1240 nostram
681 1177 851 1241 huiusmodi
868 1177 1068 1250 continentes,
1087 1180 1118 1240 rt
1135 1196 1202 1240 cum
1220 1175 1326 1240 eedem

127 1287 225 1350 littere
255 1284 343 1349 nobis
360 1284 467 1348 fierent
490 1289 661 1368 reportate,
691 1289 826 1349 nostrum
852 1284 1044 1369 priuilegium
1067 1304 1161 1368 super
1183 1285 1243 1349 boc
1259 1284 1324 1348 dari

128 1396 317 1465 laceremus;
353 1392 464 1456 Petens
481 1412 497 1455 a
514 1391 600 1456 nobis
628 1414 695 1457 cunr
723 1394 888 1466 instancia,
922 1398 952 1456 rt
975 1393 1096 1458 easdem
1121 1392 1236 1457 litteras
1253 1394 1327 1456 rati·

128 1502 230 1573 tiuare,
259 1502 344 1565 etin
366 1502 490 1564 termam
513 1501 664 1585 priuilegii
687 1502 780 1567 nostri
795 1500 896 1583 redigi
919 1501 1097 1565 laceremus.
1134 1498 1225 1566 Cuius
1241 1508 1329 1565 tenor

128 1610 193 1674 talis
211 1614 271 1673 est.
314 1607 421 1695 (Folgt
449 1608 499 1673 die
522 1609 555 1673 S.
585 1609 645 1683 so,
672 1608 724 1675 Nr.
742 1608 808 1673 LVI
833 1608 1038 1692 abgedruclte
1069 1608 1229 1682 Urlunde,
1258 1608 1327 1673 ddo.

130 1718 179 1781 30.
197 1716 385 1802 September
410 1716 528 1803 1317.)
574 1717 637 1782 Nos
660 1718 755 1801 igitur
775 1716 1025 1789 considerantes,
1052 1717 1131 1802 quod
1147 1718 1226 1784 sicut
1242 1717 1327 1799 regie

129 1825 304 1891 serenitatis
327 1824 451 1909 prouida
479 1826 710 1910 circumspectio
741 1826 789 1909 pia
816 1825 984 1909 largicione
1015 1845 1114 1889 rerum
1143 1831 1327 1890 terrenarum

130 1954 199 2017 erga
216 1933 368 1998 ecelesias
384 1932 434 1997 dei
450 1953 484 1997 se
502 1932 592 1998 debet
607 1933 778 1999 munificum
795 1933 959 2007 exhibere,
986 1937 1027 1999 ita
1048 1936 1163 2017 pariter
1178 1933 1216 1997 ad
1232 1933 1328 1998 colla·

8 2052 9 2057 ’
130 2049 223 2105 torum
241 2042 510 2106 conseruacionem
526 2046 660 2118 tenetur,
689 2063 749 2105 non
771 2042 870 2126 inpari
899 2042 1109 2107 sollicitudinis
1133 2041 1232 2106 studio
1249 2043 1328 2106 ioui-

8 2196 9 2249 3
129 2150 231 2232 gilare,
255 2155 290 2213 vt
316 2153 363 2223 et,
387 2171 446 2235 que
463 2150 638 2224 contulerit,
667 2150 757 2215 iaciat
783 2149 912 2234 pacifice
934 2151 1103 2235 possideri,
1132 2155 1164 2214 et
1185 2150 1329 2236 quidquid

128 2257 290 2322 salubriter
302 2258 495 2342 disposuerit,
507 2278 562 2322 sue
574 2258 758 2322 auctoritatis
771 2258 943 2324 interuentu
956 2259 1166 2323 inconcussum
1179 2258 1206 2323 ei
1218 2257 1330 2322 tribuat

129 2364 361 2439 tirmemeutum,
386 2364 587 2450 peticionibus
613 2365 685 2430 dicti
711 2365 824 2430 domiui
840 2364 963 2430 Abbatis
979 2367 1074 2448 Regio
1101 2365 1236 2430 inclinati
1261 2386 1327 2429 cum

8 2486 9 2519 ³
131 2475 245 2547 broce,
283 2475 436 2558 predictas
463 2474 580 2538 litteras
611 2479 729 2538 cosmas
756 2477 896 2557 patentes
926 2477 1005 2537 ratas
1034 2473 1181 2538 babentes
1213 2482 1243 2538 et
1273 2494 1330 2557 per

8 2586 9 2609 ¹
131 2583 223 2646 omnia
240 2581 442 2665 approbatas,
466 2581 505 2646 de
527 2581 618 2647 serbo
641 2581 678 2646 ad
700 2581 825 2646 uerbum
848 2582 1038 2665 presentibus
1055 2581 1235 2647 transscribi
1253 2583 1329 2647 etin

133 2691 256 2753 formam
275 2690 416 2774 pruilegii
433 2691 527 2755 nostri
544 2690 714 2755 uberiorem
736 2690 774 2755 ud
790 2690 937 2755 cautelam
953 2690 1052 2774 redigi
1069 2691 1227 2763 faciendo,
1255 2710 1328 2775 pre·

8 2776 10 2859 J
133 2796 282 2863 dictarum
305 2803 454 2862 terrarum
476 2798 670 2864 collaciouem
699 2798 795 2880 liegie
823 2802 998 2882 mayestatis
1024 2799 1202 2864 auctoritate
1219 2795 1330 2862 contir-

8 2978 9 2987 *
133 2925 244 2971 mamus
269 2912 300 2970 et
316 2909 467 2991 presentis
484 2907 591 2992 scripti
607 2906 776 2989 patrocinio
793 2907 1019 2971 commuuimus.
1052 2907 1085 2970 ln
1101 2908 1186 2973 euius
1203 2907 1248 2970 rei
1264 2924 1330 2967 rne-

134 3016 254 3080 moriam
284 3015 515 3099 firmitatemque
550 3019 727 3099 perpetuam
763 3019 927 3099 presentes
962 3016 1169 3080 concessimus
1202 3015 1329 3085 litteras,

134 3121 281 3208 dupplicis
309 3122 400 3205 sigilli
423 3124 519 3186 nostri
545 3123 709 3186 munimine
731 3121 902 3187 roboratas.
942 3124 1049 3187 Datum
1079 3145 1135 3209 per
1150 3143 1252 3186 manus
1269 3122 1332 3185 dis·

134 3234 207 3296 creti
222 3233 280 3295 riri
296 3231 431 3313 magistri
447 3231 605 3296 Jobunnia
620 3230 760 3295 adenem
787 3229 921 3295 ecclesie
944 3233 1104 3316 prepositi,
1136 3233 1209 3296 Aule
1226 3233 1330 3294 nostre

135 3339 362 3404 vicecancellari
379 3343 411 3402 et
432 3338 636 3404 archidiaconi
659 3335 895 3416 dedolatum,
925 3339 1028 3404 dilecti
1051 3346 1082 3403 et
1105 3340 1201 3404 fidelis
1224 3338 1330 3402 nostri.

8 3450 9 3455 ’
135 3448 214 3511 Auno
231 3447 344 3512 domini
359 3447 414 3510 oto.
427 3444 527 3510 000⁰.
546 3446 664 3510 decimo
676 3445 791 3512 Octauo
808 3448 888 3511 viiic
901 3447 1052 3512 Kalendas
1065 3448 1219 3520 Octobris,
1235 3446 1331 3528 Regni

8 3562 10 3625 i
137 3560 232 3618 autem
249 3556 345 3620 nostri
363 3575 440 3620 anno
457 3555 596 3619 similiter
611 3556 729 3619 decimo
746 3560 866 3620 octauo.

205 3697 324 3768 original
336 3697 386 3754 aut
395 3698 555 3770 Pergamcnt
568 3697 615 3753 mit
628 3697 703 3770 (dem
718 3696 838 3770 tltereu)
853 3697 951 3766 Sicgel.

688 3879 779 3958 LXl.

136 4019 203 4094 ldlb,
213 4021 257 4082 29.
270 4021 439 4095 beplembor.
451 4054 485 4063 -
495 4023 555 4077 Dae
568 4021 747 4093 Donrenpitel
758 4039 813 4077 con
826 4021 906 4077 Roob
917 4020 1102 4077 tramsumirt
1115 4023 1174 4095 aas
1180 4023 1329 4077 Amcben

8 4132 9 4137 ¹
138 4114 187 4167 der
216 4114 299 4170 nosci
330 4113 550 4183 Haligenlrreuz
571 4112 618 4167 dic
642 4112 994 4182 ›detentatores-Urbate&
1026 4113 1119 4183 Konig
1153 4112 1249 4168 Karl'c
1275 4130 1330 4167 von

282 4204 399 4275 Uagam
410 4204 481 4258 coer
492 4202 544 4258 due
558 4204 616 4259 out
627 4203 753 4267 Zacban,
767 4201 831 4258 dclo.
846 4203 863 4258 1
869 4201 899 4258 6.
910 4200 1075 4274 September
1089 4202 1187 4258 1318.

225 4331 393 4416 Capitulum
409 4332 612 4398 Jourincnsia
636 4331 770 4395 ecclesie
792 4330 939 4393 (lmnibus
962 4329 1071 4394 christi
1093 4325 1234 4393 fidelibus
1257 4349 1331 4412 pre·

141 4444 239 4503 sentes
266 4441 384 4504 litteras
406 4439 589 4523 inspecturis
610 4438 738 4502 salutem
762 4438 791 4501 in
809 4438 928 4502 domiuo
946 4439 1169 4523 sempiternam.
1202 4436 1247 4501 Ad
1264 4438 1332 4502 rni-

142 4567 292 4613 uersorum
309 4547 444 4612 notitiam
464 4549 569 4612 harum
591 4547 673 4610 serie
691 4546 826 4611 uolumus
843 4548 1022 4630 peruenire,
1051 4544 1137 4627 Quod
1161 4544 1332 4626 Religiosus

8 4708 10 4743 ζ
141 4657 186 4718 vir
207 4655 301 4719 trater
318 4654 520 4728 Christianus,
543 4653 659 4717 ordinis
677 4651 898 4738 cysterciensis
923 4655 961 4719 de
984 4655 1140 4719 Conuentu
1157 4651 1332 4715 blonasterii
