3192 5342
252 478 306 553 98

246 653 407 720 extitisset
439 652 472 716 ln
488 651 574 716 euius
589 650 637 714 rei
652 651 826 715 memoriam
839 652 1082 733 perpetuamque
1097 647 1270 712 firmitatem
1286 651 1451 733 presentes

248 763 457 827 concessimus
486 759 606 824 litteras
638 757 732 842 sigilli
765 758 862 822 uestri
890 756 1058 821 authentici
1084 758 1250 820 munimine
1281 755 1453 821 roboratas.

247 869 355 934 Datum
372 870 403 933 iu
419 871 498 931 leste
520 867 674 931 beatorum
692 864 814 928 Fabiani
831 864 1045 929 etSebastiani
1062 870 1224 948 martyrum
1241 882 1318 927 anno
1335 863 1451 927 domiui

247 977 287 1040 ll.
306 974 406 1040 (300⁰.
424 975 509 1039 IIX'·
523 978 640 1059 quarte,
658 974 813 1054 magistris
827 975 996 1057 Dcmpcao
1003 973 1171 1055 preposito,
1187 971 1313 1037 Mctlrs'c
1321 971 1451 1045 lectore,

245 1085 380 1149 Nicobso
397 1089 520 1147 cantore
536 1086 567 1145 et
582 1080 743 1146 Michaele
765 1081 894 1145 custode
910 1081 1045 1145 ecclesIe
1061 1086 1165 1143 nostre
1181 1079 1391 1144 existentibus.

320 1226 375 1280 Ans
385 1224 434 1280 rler
442 1221 775 1294 RestatIguugeUrkuude
784 1220 1021 1293 KoniglIarI'sron
1028 1222 1137 1294 Unguru
1147 1221 1359 1278 draconum
1366 1219 1448 1277 1324.

247 1316 344 1389 (Siebs
354 1314 401 1370 die
413 1314 540 1387 lolgeude
551 1313 676 1368 Urkunde
687 1312 733 1367 Nr.
747 1312 852 1385 xciv.)

785 1491 912 1571 XCIV.

245 1636 326 1710 1324,
344 1637 390 1696 bl.
406 1636 521 1695 imur.
540 1666 577 1677 -
595 1635 690 1705 Konig
711 1634 786 1691 Krrl
807 1653 863 1691 m
879 1634 997 1705 capara
1014 1633 1147 1704 bestitipt
1163 1633 1329 1707 nszittca
1343 1633 1444 1697 Olto's,

245 1727 382 1783 Marta'n's
403 1726 465 1782 und
481 1725 635 1788 lobann's,
659 1725 713 1780 der
729 1725 828 1781 sanae
851 1722 978 1781 Ortbsl's
995 1742 1053 1779 non
1072 1725 1291 1799 Gottlusprnan
1312 1722 1359 1779 dte
1381 1741 1451 1778 νον·

702 1813 835 1869 ostende
852 1813 994 1870 Urhnde.

334 1944 473 2009 Korobrs
485 1942 534 2007 dei
547 1943 650 2026 gracia
661 1944 839 2030 Harsgcrie.
850 1944 1030 2021 Dclmocie,
1044 1942 1187 2020 Croccs'e,
1198 1945 1309 2020 Rmne,
1320 1942 1450 2018 Seruio,

248 2053 403 2124 Gollicic,
419 2051 624 2123 Lcdomerie,
642 2051 811 2122 Cumanis,
827 2052 1043 2138 Bnlporieque
1058 2049 1120 2113 Rex
1136 2051 1283 2135 Princeps
1298 2050 1449 2116 Salerni·

244 2169 340 2225 tanus
355 2164 386 2222 et
402 2160 552 2234 Honoris,
569 2179 604 2222 ac
618 2158 740 2225 Mentula
753 2158 862 2222 nocti
875 2161 988 2246 angeli
1001 2159 1152 2223 dominus.
1177 2158 1322 2222 Omnibus
1338 2158 1450 2221 christi

243 2266 384 2331 fidelibus
408 2275 467 2329 tam
489 2264 684 2350 presentibus
706 2286 796 2351 quam
818 2265 928 2329 suturis
952 2287 1081 2350 presens
1097 2267 1247 2351 seriptum
1261 2265 1448 2350 inspecturis

246 2374 375 2439 salutem
391 2375 421 2436 in
437 2374 545 2438 salutis
567 2372 725 2454 largitore.
760 2375 807 2438 lld
827 2374 1038 2439 uniuersorum
1059 2378 1120 2439 tam
1143 2375 1335 2458 presencium
1357 2392 1449 2457 quarn

246 2484 415 2548 futurorum
428 2482 570 2547 noticiam
589 2481 695 2544 barum
713 2483 795 2545 serie
812 2479 949 2545 nolumus
961 2483 1134 2567 peruenire,
1147 2482 1227 2565 quud
1236 2482 1341 2554 csso,
1352 2482 1450 2546 Mur·

243 2589 330 2655 tinus
351 2595 383 2653 et
396 2588 578 2660 Jolscnnes,
602 2587 655 2651 filii
671 2587 791 2653 Ertbcl
804 2588 844 2652 de
861 2588 1137 2675 Genumana,
1160 2588 1269 2653 fideles
1290 2589 1384 2653 nostri
1407 2589 1447 2653 ad

244 2704 347 2762 nostre
364 2697 538 2761 serenitatis
555 2695 738 2760 accedentes
762 2697 954 2778 presenciam
975 2696 1175 2761 exhibuerunt
1189 2696 1277 2760 nobis
1293 2697 1445 2782 quoddam

243 2806 438 2890 priuilegium
456 2803 585 2887 Capituli
601 2801 738 2868 ecclesie
750 2800 939 2867 laurinensis
957 2805 1072 2867 tenoris
1088 2805 1285 2888 infrascripti.
1301 2809 1445 2887 petentes

242 2933 298 2977 nos
315 2913 417 2976 humili
430 2933 498 2976 cum
513 2911 671 2983 instancia,
689 2915 719 2976 rt
731 2912 829 2995 ipsum
842 2911 1035 2994 priuilegium
1048 2918 1144 2976 ratum
1157 2912 1273 2977 babere
1286 2918 1320 2976 ct
1329 2933 1446 2998 accep-

241 3027 321 3095 tum,
349 3026 380 3087 et
396 3020 432 3085 ad
449 3022 592 3084 maiorem
608 3021 656 3084 sni
670 3020 748 3103 juris
765 3022 1034 3085 conseruaeionem
1047 3027 1152 3086 nostro
1169 3021 1363 3103 dignaremur
1378 3021 1447 3105 pri-

241 3130 355 3213 uilegio
373 3129 561 3193 confirmare.
593 3127 687 3192 Cuius
702 3126 825 3213 quidem
840 3128 994 3212 priuilegll
1009 3135 1097 3194 tener
1112 3130 1182 3193 tells
1198 3136 1256 3194 est.
1273 3167 1318 3178 -
1334 3129 1446 3217 (Rnlgt

242 3236 293 3300 die
310 3234 502 3300 nnmittelbar
517 3234 771 3317 sorbergehende
787 3233 932 3298 Urlnnde
948 3237 1002 3298 Nr.
1019 3234 1138 3321 XCIII.)

332 3344 393 3408 Nos
405 3343 506 3427 itaque
519 3342 721 3427 peticionibus
732 3342 906 3407 eorumdem
919 3344 1076 3417 ΟτίΙιοηὶε,
1092 3344 1231 3410 Martini
1241 3350 1272 3408 et
1282 3344 1445 3411 Jslscnnr‘s

240 3451 369 3516 liliorum
385 3453 473 3517 ertnl
486 3449 691 3515 incurabiliter
714 3450 849 3514 inclinati
873 3451 1044 3545 predictum
1065 3452 1259 3536 puluileginm
1277 3473 1335 3517 non
1352 3451 1445 3517 abra-

240 3579 323 3633 sum,
350 3579 410 3625 ucn
433 3559 648 3631 cancellatum,
671 3578 729 3623 nec
751 3558 783 3622 iu
798 3558 898 3645 aliquo
914 3560 960 3623 sui
978 3565 1065 3643 parte
1080 3561 1221 3627 viciatum
1238 3559 1278 3625 de
1292 3561 1388 3627 verbo
1404 3558 1445 3625 nd

239 3667 364 3734 verbnm
381 3666 576 3751 presentibus
599 3667 692 3731 iuseri
716 3667 865 3732 iacientes
881 3676 1084 3754 acceptamus,
1103 3668 1301 3742 ratificamus,
1327 3689 1445 3753 appro-

239 3777 344 3842 bamus
362 3781 393 3841 et
413 3778 566 3861 presentis
589 3775 696 3858 scripti
712 3775 879 3858 patrocinio
896 3777 1127 3850 contiumamns,
1154 3776 1240 3845 saluo
1256 3781 1357 3842 tamen
1370 3777 1444 3859 jure

239 3885 337 3968 Regni
354 3884 450 3950 nostri
466 3882 618 3966 llungnrie
633 3889 818 3947 remanente.
847 3883 882 3947 Iu
904 3885 990 3950 cuius
1007 3884 1252 3950 confirmacionis
1268 3888 1443 3951 memorium

239 3999 479 4078 perpetuamque
509 3991 680 4056 firmitatem
712 3999 873 4078 presentes
904 3993 1112 4058 concessimus
1140 3993 1258 4059 litteras
1286 3993 1443 4079 dupplicis

238 4102 308 4165 noui
325 4108 357 4165 et
373 4101 518 4165 autentici
535 4098 630 4183 sigilli
647 4100 742 4164 nostri
759 4101 921 4165 munimine
937 4099 1105 4165 roboratas
1141 4101 1249 4166 Datum
1265 4122 1321 4186 per
1338 4123 1444 4167 manus

239 4209 363 4274 discreti
378 4209 435 4273 uiri
452 4209 589 4291 magistri
605 4209 742 4280 andree,
771 4207 897 4272 lectoris
914 4209 1048 4273 ecclesie
1066 4209 1212 4297 Quinque
1228 4212 1443 4285 uenum.

239 4318 308 4383 aule
321 4324 423 4383 nostre
437 4315 692 4389 vicecancellarii,
709 4316 813 4382 dilecti
825 4324 857 4381 et
869 4317 969 4383 fidelis
981 4318 1077 4383 nostri
1089 4338 1166 4383 nuno
1180 4319 1293 4385 domiui
1304 4320 1344 4383 ll.
1354 4318 1442 4390 CCC.

241 4426 389 4490 vicesimo
406 4433 523 4510 quarto,
540 4427 638 4490 tercio
653 4425 806 4489 Kalendas
821 4425 996 4499 Februarii,
1018 4428 1115 4510 Regni
1131 4430 1231 4491 aulem
1252 4428 1348 4493 nostri
1363 4450 1444 4494 nnnc

238 4533 380 4599 similiter
388 4534 451 4597 XX.
463 4535 588 4617 Quarto,
600 4533 832 4599 Venerabilibus
842 4536 870 4598 in
880 4533 994 4599 chrislo
1006 4534 1302 4618 patribusBolealoc
1312 4538 1445 4626 Stripo-

238 4643 354 4717 na‘ensi,
374 4646 470 4707 fratre
487 4644 641 4709 Lodinlcc
659 4644 824 4709 colocensi
838 4644 1088 4729 archiepiscopis.
1112 4644 1262 4711 Jolscnne
1277 4646 1443 4722 nitrum
