3192 5342
1270 522 1321 595 illi

128 698 243 771 bsloib,
267 699 324 763 dar
347 699 415 763 rmb
430 699 531 781 geben
549 699 605 763 wir
621 698 651 761 in
667 699 754 762 diseo
769 698 853 782 priet
866 697 918 760 mit
932 717 1024 761 rnser
1039 698 1144 782 paider
1158 697 1271 780 insigel
1287 718 1324 761 ze

128 808 221 871 einem
240 827 343 871 waren
360 826 481 890 gerorg
495 806 556 871 rod
578 827 614 870 re
631 809 717 871 einer
732 806 887 887 sichtigen
903 805 1040 869 rrehvnd
1056 805 1140 870 diser
1156 805 1247 878 sach,
1263 807 1323 871 nnd

128 916 201 980 ouch
219 917 275 980 mit
291 916 387 980 heren
403 916 602 1004 Perchtvnps
616 916 730 1000 losigel
746 916 802 979 des
820 915 1096 987 Cdrmemrmistcn
1113 934 1180 978 wan
1195 914 1324 980 Dr'triclt

126 1027 259 1091 iridem
280 1028 344 1090 Tor
367 1025 450 1088 nicht
477 1026 583 1107 sigens
599 1025 710 1107 lusigel
733 1026 796 1090 liat.
833 1024 924 1087 Diser
951 1025 1035 1107 prief
1056 1025 1096 1088 ist
1120 1023 1262 1106 gegeben
1286 1046 1323 1088 ze

130 1135 256 1198 Wserme
271 1133 331 1197 nah
346 1133 486 1197 Christos
502 1132 613 1216 gsburt
629 1132 973 1197 Dreutzeclrenhnndert
989 1132 1045 1204 lar,
1063 1132 1190 1196 darnah
1207 1134 1236 1195 in
1254 1133 1322 1198 dem

125 1243 195 1306 drer
210 1241 272 1305 md
289 1242 534 1306 zrrainziclristen
550 1243 606 1314 lar,
623 1263 660 1305 sn
676 1248 743 1305 sant
759 1240 872 1325 Nyclss
888 1246 950 1322 tog.

194 1365 317 1435 Origine!
332 1366 380 1419 ani
389 1366 545 1437 Pergameni
557 1366 605 1420 mit
616 1365 673 1419 drei
687 1365 804 1434 Sisgelo.

125 1672 196 1743 1³2³,
214 1672 242 1730 8.
256 1670 418 1731 December.
432 1702 468 1712 —
480 1670 574 1740 Kdnip
586 1671 661 1727 Kort
672 1688 730 1725 von
746 1669 863 1740 Uuparn
876 1671 1008 1741 lutatigt
1021 1668 1071 1726 der
1083 1669 1166 1727 Atrei
1179 1668 1322 1739 Heiligen·

460 1762 549 1816 treus
560 1762 622 1817 scin
634 1762 768 1835 fratem
780 1762 977 1832 Prioilcyium.
1046 1784 1061 1807 ο

213 1872 409 1939 CABOLUS
430 1872 480 1937 dei
501 1873 606 1953 gracie
628 1873 814 1959 Huopuric,
837 1873 1016 1947 Dalmatio,
1040 1871 1184 1942 Croatic,
1213 1871 1322 1945 none,

124 1982 253 2054 Ser-uie,
279 1981 432 2054 Gallicis,
455 1981 649 2052 Lodomcrie,
675 1981 833 2056 Comanis,
855 1981 1071 2069 Butpariepue
1087 1978 1159 2051 Rex,
1177 1980 1321 2061 Princeps

124 2090 354 2155 Sotcmitanus
369 2096 400 2152 et
416 2090 545 2154 honoria
567 2109 603 2152 as
618 2091 734 2154 montis
748 2089 857 2155 sancti
870 2090 980 2177 angeli
995 2090 1147 2159 dominus,
1177 2083 1322 2150 Omnibus

123 2197 228 2261 christi
255 2195 398 2262 fidelibus
420 2197 613 2281 presentibus
636 2203 667 2261 et
688 2199 797 2263 futuris
821 2200 954 2262 notitiam
971 2198 1156 2282 presentium
1172 2194 1322 2260 habituris

123 2304 250 2369 salutem
275 2307 305 2367 io
328 2306 459 2370 omnium
480 2306 640 2370 saluatore.
677 2305 810 2372 Celestis
832 2307 957 2371 altitudo
974 2306 1091 2372 consilii
1107 2324 1199 2389 supro
1214 2308 1322 2367 cuncte

13 2478 14 2489 ,
122 2418 231 2477 tenens
248 2413 413 2495 Imperium
440 2414 471 2476 in
488 2413 633 2486 excelsis,
661 2434 721 2499 que
743 2412 794 2479 dat
811 2434 882 2477 esse
898 2415 1005 2486 rebus,
1034 2434 1088 2500 per
1111 2432 1200 2497 quam
1221 2412 1322 2493 Reges

122 2528 254 2605 regnant
277 2527 309 2585 ct
325 2520 525 2604 imperialium
549 2522 720 2603 diriguntur
737 2521 856 2604 lastigie
873 2522 1062 2606 dignitatum.
1094 2520 1164 2586 ldeo
1187 2537 1322 2604 quosque

123 2629 158 2692 ad
174 2629 278 2712 Regni
294 2627 436 2692 sublimat
452 2630 647 2713 principatus,
671 2638 701 2695 vt
717 2631 742 2693 si
758 2636 883 2695 cunctos
899 2629 958 2695 sibi
974 2629 1128 2701 subditos,
1151 2629 1201 2711 pie
1217 2627 1321 2709 longa·

120 2737 265 2803 nimitatis
283 2736 393 2808 studio,
411 2735 494 2800 luris
510 2736 675 2820 religione,
703 2738 760 2803 sub
777 2738 912 2821 presidio
929 2738 1012 2822 pacis
1028 2737 1180 2820 adoptote,
1195 2736 1226 2798 in
1242 2736 1320 2798 riam

119 2846 234 2910 iustitie
251 2845 390 2927 dirigere
406 2852 554 2919 teneatur,
571 2846 694 2911 vberius
708 2854 806 2911 tamen
823 2852 913 2931 atquo
925 2846 1099 2929 vigilantius
1115 2845 1254 2909 otmarum
1271 2843 1321 2907 dei

119 2956 323 3020 ecclesiarum
339 2953 433 3037 quieti
449 2952 541 3018 debet
556 2955 719 3027 insudare,
742 2957 771 3019 in
788 2975 914 3039 quarum
931 2954 1060 3037 vigiliis,
1089 2953 1189 3017 mundi
1207 2953 1320 3035 princi-

118 3061 207 3145 pibus
225 3062 294 3126 sola
311 3062 496 3127 immensitas
516 3068 565 3126 est
581 3083 730 3127 mensura.
766 3063 842 3127 ilinc
859 3068 920 3134 est,
950 3062 1030 3147 quod
1055 3060 1092 3125 ad
1114 3062 1321 3125 uniuersorum

119 3170 257 3234 notitiam
286 3178 393 3234 tenore
422 3171 606 3254 presentium
623 3171 758 3235 nolumus
774 3172 953 3254 peruenire,
982 3169 1070 3250 Quod
1092 3169 1137 3231 rir
1160 3167 1323 3248 religiosus

118 3278 216 3341 freter
231 3278 309 3343 orco
322 3277 415 3341 abbas
428 3279 600 3342 monasterii
616 3286 728 3344 sancte
741 3279 852 3344 Cmcir
863 3280 904 3344 de
916 3278 1047 3343 Austris
1060 3276 1183 3341 Ordinis
1196 3275 1323 3358 Cyster·

119 3387 234 3451 ciensis
248 3384 287 3448 ad
305 3389 407 3449 nostre
424 3387 599 3451 serenitatis
612 3388 763 3452 accedens
779 3386 963 3471 presentiam
977 3384 1111 3450 exhibuit
1128 3385 1214 3449 nobis
1228 3386 1324 3468 quod·

120 3494 187 3558 dam
204 3495 400 3577 priuilegium
417 3502 569 3566 nostrum,
592 3495 649 3560 sub
671 3496 763 3579 priori
786 3501 818 3559 et
833 3496 956 3578 antiquo
974 3495 1082 3578 Sigillo
1100 3500 1213 3565 nostro,
1231 3514 1324 3579 super

119 3603 285 3668 collatione
309 3623 364 3667 scu
386 3604 545 3669 donatione
567 3607 730 3686 gratiarum
756 3610 788 3668 ct
804 3603 989 3677 libertatum,
1014 3604 1110 3668 eidem
1127 3603 1321 3675 Monssterio,

119 3710 230 3777 tobati
248 3720 281 3775 et
296 3710 442 3777 iratribus
465 3713 616 3777 incudem
634 3714 691 3777 deo
709 3714 850 3777 continue
867 3711 1119 3798 obsequentibus,
1143 3731 1267 3795 pernes
1284 3711 1322 3775 ob

118 3839 206 3902 spem
229 3819 428 3884 beatitudinis
450 3826 554 3885 eterne
577 3840 808 3893 concessurum,
839 3829 870 3885 ot
891 3824 922 3885 in
943 3824 1010 3905 ipso
1036 3821 1197 3904 priuilegio
1219 3828 1322 3885 nostro

119 3927 258 3991 seriatim
271 3947 491 4010 expressarum,
509 3931 691 4005 coniectum,
707 3937 815 4013 petens
828 3929 931 3993 humili
943 3950 1065 4013 precum
1077 3929 1221 3992 instantia
1237 3927 1325 3991 nobis

118 4035 347 4119 supplicando,
375 4043 407 4098 vt
428 4038 507 4101 idern
532 4037 724 4122 priuilegium
754 4044 887 4102 nostrum
910 4037 1064 4102 ratificare
1086 4046 1117 4101 et
1139 4037 1325 4121 appensione

118 4144 191 4207 noui
209 4150 241 4209 ot
257 4146 405 4211 autentici
422 4144 524 4229 Sigilli
546 4147 641 4212 nostri
659 4145 696 4211 ad
714 4144 883 4209 ulteriorem
900 4145 1047 4209 cautelam
1064 4144 1235 4210 eorumdem
1252 4165 1325 4227 gra·

117 4252 232 4317 tisrum
248 4259 279 4315 et
291 4251 466 4317 libertatum
483 4250 522 4317 et
530 4255 711 4321 euidentiam
723 4255 895 4325 certiorem,
912 4252 952 4318 de
964 4255 1077 4335 pietate
1092 4253 1199 4336 Regia,
1215 4272 1274 4337 que
1290 4273 1325 4317 se

118 4359 297 4444 petentibus
313 4361 393 4431 sotct
415 4361 559 4427 exhibere
586 4361 759 4435 liberalem,
785 4361 977 4446 presentibus
1001 4363 1193 4443 dignoremur
1215 4360 1326 4425 contir-

119 4488 207 4535 msre
223 4469 314 4539 Cuius
329 4473 419 4537 tenor
435 4471 506 4535 talis
517 4478 576 4537 est.
601 4470 709 4557 (Folgt
722 4470 773 4535 die
785 4470 820 4535 S.
836 4466 891 4543 ts,
908 4469 960 4533 Nr.
970 4470 1023 4534 LV
1040 4469 1248 4553 abgedmelte
1265 4469 1325 4534 Ur·

119 4576 234 4649 kunde,
250 4578 520 4663 ddo.18.Septbr.
534 4578 650 4663 13¹7.)
675 4579 739 4644 Nos
748 4578 850 4661 igitur,
864 4578 933 4662 quia
946 4579 1041 4661 Regia
1054 4577 1222 4644 sublimitas
1235 4576 1271 4642 ad
1289 4595 1325 4640 ea

119 4689 283 4769 presertim
299 4709 358 4757 sue
374 4687 469 4755 debet
484 4690 592 4757 meotis
609 4688 744 4773 dirigere
760 4687 916 4762 intuitum.
945 4707 1003 4772 per
1024 4706 1083 4773 qus
1105 4695 1137 4753 et
1163 4686 1326 4752 thesauros
