3192 5342
246 456 324 527 328

241 652 257 693 a
280 630 407 696 meridie
430 636 462 695 et
485 632 717 716 protenderetur
732 628 769 692 ad
794 628 1018 713 possessionem
1038 629 1159 695 wetere
1176 629 1213 693 ab
1229 630 1392 696 occidente
1408 637 1441 695 et

241 738 312 802 inde
335 740 394 801 iret
416 740 453 802 ad
482 738 630 823 quandam
651 739 873 824 possessionem
899 738 999 802 Galeas
1025 744 1162 802 uocatam
1184 737 1222 800 ab
1249 739 1391 824 aquilone
1408 747 1441 805 et

240 846 311 910 inde
345 848 556 912 reflecteretur
584 846 621 911 ad
644 848 763 932 plagam
792 846 969 910 orientalem
996 865 1105 910 uersus
1134 847 1263 911 Ctericrrr
1288 848 1439 914 dictorum

238 955 466 1022 Mesochorum
479 955 567 1020 etsie
579 960 659 1020 mete
671 955 902 1019 terminarentur
915 954 1118 1038 possessionis
1130 956 1293 1028 antedicto,
1311 977 1438 1042 quarum

241 1063 363 1149 quidem
385 1064 552 1128 litterarum
574 1061 815 1129 exhibicionibus
831 1064 937 1135 laetis,
965 1062 1109 1148 dictoque
1130 1066 1320 1146 procuratori
1341 1067 1440 1149 ipsius

239 1173 350 1237 domini
366 1170 491 1236 Abbatis
512 1173 593 1235 inter
608 1170 762 1257 predictas
786 1172 915 1255 plagas,
943 1172 974 1234 iu
997 1169 1079 1235 dioto
1100 1171 1261 1257 priuilegio
1278 1181 1440 1239 contentas

238 1287 376 1366 tempore
397 1281 493 1365 ipsius
517 1280 744 1363 possessionum
770 1279 1020 1344 reambulacionis
1041 1278 1072 1342 in
1100 1280 1235 1363 pluribus
1250 1282 1327 1347 locis
1342 1288 1440 1347 metas

239 1394 358 1454 erectas
374 1388 469 1453 inisse
486 1394 517 1453 et
533 1387 657 1452 easdem
674 1387 849 1452 emendatas
862 1407 932 1450 esse
948 1394 1112 1460 assereret,
1129 1389 1198 1473 quia
1211 1387 1326 1473 absque
1338 1411 1441 1454 ream·

237 1498 395 1564 bulacione
420 1503 567 1560 metarum
590 1495 793 1580 predictarum
811 1497 1034 1580 possessionum
1051 1499 1185 1579 ipsarum
1201 1500 1330 1580 partium
1348 1500 1440 1564 modo

237 1609 314 1672 intra
332 1604 548 1671 reambulando
565 1603 682 1676 fienda,
705 1604 784 1668 inter
805 1604 885 1689 ipsas
903 1610 1004 1688 partes
1026 1605 1105 1669 bono
1127 1606 1216 1669 modo
1239 1607 1382 1670 iudicium
1406 1613 1441 1671 et

237 1715 389 1781 iusticiam
407 1713 511 1779 iacere
528 1733 586 1776 son
604 1719 788 1797 poteramus,
809 1712 846 1776 ad
863 1714 1019 1796 ipsamque
1033 1712 1305 1778 reambulacionem
1322 1716 1442 1780 lacien-

237 1824 304 1887 dam
321 1822 407 1906 Regii
432 1827 464 1884 et
485 1822 581 1905 ipsius
600 1821 743 1908 Capituli
762 1822 945 1887 Jocriensis
966 1822 1104 1886 homines
1129 1824 1303 1887 necessario
1321 1824 1441 1889 debue-

237 1937 307 1995 rant
324 1930 484 2000 destinari,
512 1930 606 2012 igitur
628 1929 795 1993 amiciciam
812 1929 948 1994 eiusdem
966 1930 1095 2012 Capituli
1111 1929 1287 1993 litteraliter
1301 1933 1440 2015 petiera-

238 2060 304 2103 mus
329 2038 509 2123 diligenter,
538 2044 686 2123 quatenus
707 2038 842 2121 ipsorum
866 2037 1021 2104 mitterent
1044 2038 1180 2101 homines
1202 2059 1257 2122 pro
1281 2039 1441 2125 utriusque

237 2146 393 2232 partibus,
421 2166 477 2231 pro
499 2145 680 2210 testimoniis
703 2146 764 2210 lide
789 2145 917 2228 dignos,
944 2146 1053 2231 quibus
1081 2146 1275 2230 presentibus
1301 2149 1441 2213 homines

236 2257 324 2338 liegii
346 2255 425 2318 inira
448 2253 620 2319 declarandi
642 2254 671 2318 in
699 2260 807 2318 octaua
837 2255 896 2318 diei
926 2255 1017 2319 medii
1034 2254 1274 2336 Quadrsgesime
1302 2258 1441 2342 proxime
1494 2264 1498 2271 '

235 2372 308 2429 tunc
324 2363 490 2436 uenientis,
519 2362 637 2426 scilieet
664 2362 740 2425 seria
766 2368 872 2446 quarta
895 2363 932 2426 ad
958 2364 1068 2428 taciem
1087 2363 1297 2447 predictarum
1312 2385 1440 2449 posses·

237 2473 353 2537 siouum
380 2471 503 2536 Weliod
528 2476 559 2534 et
591 2472 774 2555 Tonusoluu
801 2475 991 2543 necatarum,
1019 2472 1129 2537 uicinis
1158 2478 1190 2535 et
1224 2472 1444 2537 commetaneis

236 2580 399 2644 earundem
416 2579 552 2661 legitime
569 2580 761 2650 conuocatis,
785 2599 822 2642 ac
839 2579 915 2660 ipsis
932 2580 1091 2661 partibus,
1109 2581 1156 2645 uel
1175 2601 1278 2644 earum
1296 2581 1444 2664 legitimis

235 2687 482 2774 procuratoribus
499 2686 726 2770 praesentibus,
755 2686 934 2751 accedendo
953 2690 1051 2770 primo
1068 2689 1194 2752 eaodem
1212 2690 1440 2770 possessionem

244 2798 367 2865 Weliad
380 2802 532 2867 uocatam,
559 2795 654 2878 ipsius
680 2796 792 2859 actoris
815 2817 831 2859 a
856 2802 942 2879 parte
959 2799 1162 2880 possessionis
1181 2799 1368 2881 Mausolus
1384 2817 1444 2881 per

235 2913 331 2970 metas
348 2910 378 2969 et
390 2923 497 2967 cursus
514 2903 638 2967 metales
651 2922 708 2986 per
719 2904 817 2987 ipsum
832 2906 1030 2991 Greporium,
1048 2904 1097 2968 uel
1110 2925 1194 2969 suum
1209 2915 1440 2989 procuratorem

234 3012 400 3099 legitimum
418 3011 623 3076 emendandas
640 3016 672 3076 et
683 3011 925 3075 determinandas
942 3011 1166 3077 reambularent
1182 3018 1214 3078 et
1229 3014 1328 3094 siguis
1340 3021 1438 3076 meta·

235 3122 314 3187 libus
342 3120 576 3202 consignarent,
605 3118 791 3203 demumque
808 3120 903 3203 ipsam
920 3123 1143 3204 possessiouem
1164 3123 1347 3206 lbnnfolou
1364 3142 1440 3204 pre-

236 3231 309 3295 dicti
327 3229 439 3292 domini
462 3227 586 3290 Abbatis
608 3247 645 3290 ex
660 3234 747 3311 perte
762 3227 857 3292 dicte
878 3231 1083 3311 possessionis
1103 3231 1225 3295 Wctiud
1250 3239 1357 3293 uocate
1380 3250 1439 3312 per

239 3338 366 3402 metales
388 3336 599 3400 distinctiones
621 3337 650 3399 is
668 3335 805 3420 predicto
827 3336 924 3419 ipsius
941 3335 1070 3421 Capituli
1087 3338 1249 3422 priuilegio
1267 3358 1324 3421 per
1339 3339 1438 3420 ipsum

234 3445 392 3515 Abbatem
410 3443 457 3507 uel
471 3465 557 3507 suum
571 3443 736 3527 legitimum
748 3453 976 3526 procuratorem
993 3445 1067 3509 inibi
1085 3446 1114 3509 in
1133 3447 1237 3530 speeie
1251 3444 1438 3518 exhibendo,

234 3554 409 3620 conuocatis
437 3551 604 3615 secundum
629 3552 916 3616 determinaeionem
945 3553 1039 3637 ipsius
1068 3553 1184 3618 Domini
1213 3553 1355 3626 Abbads,
1385 3555 1437 3617 uel

234 3660 441 3747 procuratoris
457 3662 504 3724 sui
521 3659 666 3741 legitimi,
694 3659 833 3723 similiter
860 3659 1082 3725 reambularent
1103 3667 1134 3727 et
1161 3663 1258 3745 signis
1275 3661 1437 3726 metalibus

237 3771 469 3852 consignarent,
498 3768 578 3832 etsi
602 3769 669 3852 ipse
690 3773 793 3851 partes
815 3768 844 3831 in
867 3768 1036 3833 huiusmodi
1053 3770 1347 3835 reambulacionibus
1363 3790 1440 3834 con·

237 3876 346 3943 cordes
370 3877 493 3949 flerent,
523 3879 594 3941 tune
618 3874 744 3940 cuilibet
759 3877 838 3960 parti
855 3896 938 3940 suum
953 3879 1003 3961 jus
1020 3881 1293 3961 possessionarium
1310 3879 1440 3943 euiden-

236 3986 316 4051 tibus
342 3988 445 4059 metis,
474 3983 512 4047 ab
535 3985 665 4049 inuicem
695 3984 869 4049 distinctum
891 3965 1098 4070 relinquerent
1120 3994 1152 4050 et
1168 3989 1392 4051 committerent
1405 3990 1439 4052 in

238 4103 416 4179 perpetuum
439 4093 667 4179 possidendum.
700 4091 839 4156 Partibus
868 4114 941 4159 uero
963 4095 992 4157 in
1021 4094 1192 4158 huiusmodi
1215 4093 1439 4160 reambulaeio·

241 4202 328 4268 nibus
340 4207 372 4267 et
385 4208 527 4265 metarum
540 4201 747 4267 erectionibus
759 4201 1015 4274 discordantibus,
1023 4204 1201 4286 particulam
1208 4205 1437 4288 possessionum

241 4312 321 4375 inter
342 4308 513 4375 huiusmodi
532 4309 783 4373 determinatores
805 4315 951 4374 metarum
974 4312 1002 4373 in
1030 4310 1083 4373 lite
1110 4318 1315 4375 remanentem
1340 4313 1439 4396 signis

240 4417 397 4482 metalibus
415 4417 633 4498 consignando,
649 4417 698 4482 uel
715 4418 741 4481 si
758 4420 925 4482 mensurari
942 4419 1101 4502 nequieret
1117 4421 1183 4484 uiso
1200 4420 1438 4492 considerando,

237 4528 457 4611 circumspectu
481 4526 546 4590 eius
569 4527 727 4611 qualitate,
753 4528 935 4611 quantitate,
964 4527 1091 4591 utilitate
1113 4534 1145 4592 et
1165 4529 1270 4593 ualere
1285 4550 1343 4594 una
1367 4551 1437 4594 cum

238 4634 303 4698 aliis
319 4634 422 4717 probis
447 4635 519 4698 uiris
543 4635 736 4699 aestimarent
751 4635 839 4718 regui
856 4634 927 4720 lege
942 4635 1132 4718 requirente:
1157 4635 1269 4700 ibidem
1286 4640 1377 4702 etiam
1393 4637 1437 4711 id,
