3192 5342
1250 523 1324 602 21¹

129 701 270 768 redditus
286 707 318 767 et
333 708 498 787 prouentus
515 702 545 767 in
561 704 701 789 proprios
717 723 789 768 rsus
807 707 1004 777 conuertere,
1032 721 1182 769 consensu
1203 702 1329 769 atterius

130 811 349 899 cuiuscumque
362 811 482 878 minime
495 814 657 900 requisito;
674 812 810 888 Prouiso,
826 815 905 900 quod
919 815 1057 899 predicte
1074 814 1205 880 ecclesie
1224 814 1328 881 Sancti

131 920 263 1003 Georgii
291 922 402 988 debitis
422 923 576 1011 obsequiis
603 945 659 988 nou
677 924 855 996 fraudetur,
879 923 936 989 scd
963 925 1075 990 fuciunt
1097 924 1209 990 ibidem
1238 930 1329 1011 prout

133 1041 315 1123 oportunum
331 1033 466 1099 extiterit
480 1039 511 1098 et
527 1038 575 1098 est
589 1032 662 1098 stirs
676 1031 745 1098 deri
761 1038 955 1107 consuetum,
971 1034 1120 1101 descruiri
1136 1034 1328 1101 laudabiliter

130 1148 161 1213 in
185 1147 309 1212 diuinis.
351 1143 458 1209 batum
481 1141 558 1229 npnd
578 1143 739 1210 Wiennum
754 1144 942 1209 Patauiensis
961 1144 1097 1211 diocesis
1120 1143 1165 1227 ijt.
1182 1139 1326 1212 liniendus

130 1257 208 1323 Juiii
223 1253 420 1321 Pontificatus
436 1253 546 1317 domini
563 1250 727 1318 Clementis
744 1274 821 1339 pape
837 1254 884 1319 Vi.
902 1272 978 1318 nuno
995 1252 1121 1319 ocsus.

204 1401 323 1473 original
335 1401 384 1457 cui
393 1401 551 1472 Pergameni
560 1399 608 1454 mit
619 1398 717 1472 Siegsl.

128 1781 212 1854 1160,
234 1782 260 1841 ³.
281 1779 442 1854 humber,
465 1779 540 1840 1η
552 1812 589 1823 -
608 1779 873 1851 inluuiem-Boiis
892 1780 1041 1836 utrem
1055 1778 1187 1853 Bisctifs
1202 1778 1256 1853 fuir
1276 1779 1324 1840 dit

478 1871 980 1944 ressurrectionem

220 2001 379 2068 Uninersis
411 2006 443 2066 ct
473 2000 603 2086 singuiis
631 2007 789 2087 presentes
824 2002 942 2067 litteras
976 2004 1161 2088 inspecturis
1189 2003 1323 2070 Pontius

129 2113 330 2178 miseracione
353 2110 452 2175 diuina
477 2111 640 2195 episcopus
659 2110 870 2179 Urdioctosss
891 2131 926 2177 ac
954 2113 985 2175 in
1011 2111 1087 2177 sinin
1111 2110 1186 2176 vrbe
1209 2111 1321 2176 domini

129 2243 207 2307 pepe
236 2223 390 2298 vicarius,
416 2222 554 2288 Jocodus
581 2221 743 2307 episcopus
768 2221 978 2310 Nepessiuns,
1006 2221 1113 2286 Frater
1138 2221 1321 2308 Stephanus

129 2330 294 2417 episcopus
304 2332 512 2405 Tussnrnmss,
526 2330 680 2397 ltdicolons
690 2331 852 2416 episcopus
864 2331 1003 2397 Munus
1015 2337 1046 2395 et
1057 2329 1321 2396 irnterJobnnncc

127 2444 291 2527 episeopus
302 2441 580 2529 Balnecreyicnsis
595 2439 721 2507 snlutenr
736 2440 766 2505 in
779 2440 898 2505 domino
910 2442 1136 2526 sempiternam.
1163 2440 1319 2525 Quoniam,

127 2556 157 2616 ut
173 2551 214 2616 sit
229 2550 404 2636 spostolus,
420 2571 524 2618 ornnes
542 2550 688 2616 stabimus
706 2555 776 2617 suto
788 2550 918 2616 tribunal
929 2549 1037 2618 obristi
1049 2551 1213 2636 recepturi,
1229 2556 1320 2636 prout

125 2663 311 2746 incorpore
336 2662 489 2744 gessimus
512 2662 578 2726 siue
600 2660 708 2727 bouum
731 2662 841 2735 tuerit,
873 2662 939 2726 siue
968 2662 1092 2736 mnium,
1119 2667 1239 2747 oportet
1263 2680 1319 2726 uos

126 2771 201 2836 diem
217 2770 381 2836 messionis
398 2775 531 2836 extreme
542 2770 753 2837 misericordie
765 2772 910 2856 operibus
922 2771 1082 2858 prouenire
1098 2791 1134 2835 nc
1146 2774 1318 2835 eternorum

125 2882 228 2946 iutuitu
245 2882 397 2946 semiunre
422 2879 453 2946 iu
470 2882 576 2954 tomis,
604 2880 683 2967 quod
709 2881 864 2948 reddente
885 2880 1005 2946 domino
1028 2899 1095 2946 unm
1119 2876 1316 2964 multiplicato

123 2990 221 3059 iroetn
249 2990 433 3075 recolligere
460 2991 612 3058 scissurus
639 2992 669 3057 in
702 2992 824 3066 coelis,
854 2991 969 3056 firmem
1004 3011 1090 3076 spem
1118 2988 1316 3074 iducinnrque

122 3105 277 3173 tenentes,
309 3100 390 3188 quod
413 3099 463 3185 qui
491 3115 584 3184 perne
600 3100 745 3174 seruiunt,
767 3119 863 3185 pereo
882 3108 914 3165 et
934 3103 1043 3173 metet,
1067 3099 1164 3184 etqui
1187 3096 1317 3162 seminet

121 3208 455 3287 inbenedictionibus,
486 3208 525 3274 de
555 3208 819 3276 benedictionibus
849 3215 882 3275 et
910 3212 1015 3274 nettet
1046 3208 1137 3274 ritsur
1167 3214 1313 3278 eternum,

122 3321 193 3386 dnm
225 3318 385 3402 igiturex
412 3321 498 3405 perte
527 3315 631 3385 dilecti
657 3317 710 3384 titii
737 3318 856 3383 Fratris
882 3318 993 3407 dolini
1018 3316 1058 3384 de
1083 3317 1207 3403 proprio
1236 3336 1314 3384 nouo

120 3428 258 3515 agistri
273 3428 364 3494 mic
377 3426 465 3493 nobis
481 3427 572 3492 inerit
587 3426 740 3493 humiliter
755 3428 973 3514 supplicemur,
990 3434 1023 3495 ut
1037 3427 1175 3494 omnibus
1191 3427 1314 3492 venien-

119 3538 196 3605 tibus
226 3539 265 3605 sd
288 3536 449 3605 ecclesium
477 3538 596 3605 Senctc
618 3539 729 3606 Crucis
754 3540 785 3604 iu
812 3537 1312 3608 monocentaurum

121 3648 200 3736 (sic)
224 3648 351 3715 rciimns
372 3648 584 3733 indulgentium
613 3648 748 3723 exibere,
775 3648 839 3714 Nos
862 3671 936 3716 uero
958 3650 996 3716 de
1024 3652 1237 3737 omnipotentis
1260 3652 1311 3719 dei

119 3758 324 3825 misericordie
346 3779 382 3823 nc
401 3757 557 3824 bestornnu
572 3758 654 3825 Petri
677 3763 708 3824 et
724 3758 808 3824 Penii
832 3760 1033 3845 apostolorum
1050 3761 1116 3827 cius
1132 3765 1310 3832 ructemus

119 3867 222 3933 confisi
247 3866 385 3934 omnibus
409 3888 482 3933 rere
503 3866 727 3953 poenitentibus
750 3873 781 3934 et
802 3871 965 3944 confessis,
989 3871 1041 3957 qui
1064 3870 1112 3937 uel
1138 3894 1199 3959 quc
1219 3894 1309 3959 pree·

118 3976 225 4043 dictem
241 3977 433 4043 risitnueriut
453 3977 614 4043 ecclesium
639 3979 670 4043 in
697 3978 774 4063 ipsis
791 3980 1021 4055 testinitntibus,
1049 4001 1104 4047 seu
1133 3985 1223 4050 etism
1245 3984 1307 4049 sol·

118 4085 338 4171 lempnitntibus
350 4088 443 4152 {iente
458 4087 554 4152 bisrie
570 4088 707 4172 uirginis,
723 4086 894 4156 Natiuitatis
910 4089 1033 4165 domini,
1050 4089 1306 4167 circumcisionis,

118 4196 292 4282 Epipbenie,
307 4197 552 4272 assumtionis,
578 4199 777 4271 ascensionis,
794 4200 993 4274 Pentecostis,
1010 4201 1165 4277 trinitatis,
1181 4203 1306 4268 dedice·

115 4306 201 4371 bouis
212 4305 350 4372 ecclesie
361 4306 474 4372 Sencte
485 4306 602 4382 Crucis,
618 4308 794 4374 Sanctorum
807 4309 994 4393 augelorum,
1006 4311 1149 4376 dnbnnuis
1163 4312 1305 4398 Baptisto,

116 4414 267 4481 tentorum
283 4416 366 4481 Petri
381 4421 413 4481 et
429 4417 511 4483 Pauli
528 4423 559 4483 ot
574 4417 704 4483 omnium
720 4419 924 4503 apostolorum
945 4427 976 4486 ot
991 4422 1249 4506 Euangeiistururn
1269 4445 1306 4490 no

116 4531 282 4590 murrum
296 4531 458 4614 martyrum
473 4526 618 4613 Stspbnni
630 4534 662 4593 et
672 4529 839 4603 Laurentii,
854 4535 1025 4597 sauctorum
1041 4532 1197 4601 doctorum
1211 4535 1303 4602 dero-

118 4635 182 4699 nimi
208 4641 240 4700 et
266 4634 393 4703 eliorum
420 4635 596 4714 doctorum,
624 4637 864 4726 Srnctommqne
887 4642 1092 4708 confessorum
1123 4644 1241 4711 Nicotei
1271 4654 1304 4713 et

119 4741 250 4820 bertini,
282 4765 341 4810 nec
371 4766 430 4811 uon
461 4747 618 4813 Bentnrum
652 4749 746 4814 binrie
772 4749 970 4834 ttegdniene,
997 4752 1145 4835 Agnetis,
1178 4755 1300 4831 hucine

1003 4874 1058 4929 it*
